%YAML 1.1
%TAG !u! tag:unity3d.com,2011:
--- !u!1 &1117541993639861918
GameObject:
  m_ObjectHideFlags: 0
  m_CorrespondingSourceObject: {fileID: 0}
  m_PrefabInstance: {fileID: 0}
  m_PrefabAsset: {fileID: 0}
  serializedVersion: 6
  m_Component:
  - component: {fileID: 1117541993639861892}
  - component: {fileID: 1117541993639861893}
  - component: {fileID: 1117541993639861914}
  - component: {fileID: 1117541993639861915}
  - component: {fileID: 1117541993639861912}
  - component: {fileID: 1117541993639861913}
  m_Layer: 0
  m_Name: WallCorner(1)
  m_TagString: Untagged
  m_Icon: {fileID: 0}
  m_NavMeshLayer: 0
  m_StaticEditorFlags: 4294967295
  m_IsActive: 1
--- !u!4 &1117541993639861892
Transform:
  m_ObjectHideFlags: 0
  m_CorrespondingSourceObject: {fileID: 0}
  m_PrefabInstance: {fileID: 0}
  m_PrefabAsset: {fileID: 0}
  m_GameObject: {fileID: 1117541993639861918}
  m_LocalRotation: {x: -0, y: 0.7071068, z: -0, w: 0.7071068}
  m_LocalPosition: {x: 5, y: 0, z: 12.999998}
  m_LocalScale: {x: 1, y: 1, z: 1}
  m_Children: []
  m_Father: {fileID: 6106535006147110600}
  m_RootOrder: 1
  m_LocalEulerAnglesHint: {x: 0, y: 90, z: 0}
--- !u!33 &1117541993639861893
MeshFilter:
  m_ObjectHideFlags: 0
  m_CorrespondingSourceObject: {fileID: 0}
  m_PrefabInstance: {fileID: 0}
  m_PrefabAsset: {fileID: 0}
  m_GameObject: {fileID: 1117541993639861918}
  m_Mesh: {fileID: 0}
--- !u!23 &1117541993639861914
MeshRenderer:
  m_ObjectHideFlags: 0
  m_CorrespondingSourceObject: {fileID: 0}
  m_PrefabInstance: {fileID: 0}
  m_PrefabAsset: {fileID: 0}
  m_GameObject: {fileID: 1117541993639861918}
  m_Enabled: 1
  m_CastShadows: 1
  m_ReceiveShadows: 1
  m_DynamicOccludee: 1
  m_MotionVectors: 1
  m_LightProbeUsage: 1
  m_ReflectionProbeUsage: 1
  m_RenderingLayerMask: 1
  m_RendererPriority: 0
  m_Materials:
  - {fileID: 2100000, guid: 0bf93fe055180334d98f6be6a553a278, type: 2}
  m_StaticBatchInfo:
    firstSubMesh: 0
    subMeshCount: 0
  m_StaticBatchRoot: {fileID: 0}
  m_ProbeAnchor: {fileID: 0}
  m_LightProbeVolumeOverride: {fileID: 0}
  m_ScaleInLightmap: 1
  m_PreserveUVs: 0
  m_IgnoreNormalsForChartDetection: 0
  m_ImportantGI: 0
  m_StitchLightmapSeams: 1
  m_SelectedEditorRenderState: 2
  m_MinimumChartSize: 4
  m_AutoUVMaxDistance: 0.5
  m_AutoUVMaxAngle: 89
  m_LightmapParameters: {fileID: 0}
  m_SortingLayerID: 0
  m_SortingLayer: 0
  m_SortingOrder: 0
--- !u!114 &1117541993639861915
MonoBehaviour:
  m_ObjectHideFlags: 0
  m_CorrespondingSourceObject: {fileID: 0}
  m_PrefabInstance: {fileID: 0}
  m_PrefabAsset: {fileID: 0}
  m_GameObject: {fileID: 1117541993639861918}
  m_Enabled: 1
  m_EditorHideFlags: 0
  m_Script: {fileID: 11500000, guid: 8233d90336aea43098adf6dbabd606a2, type: 3}
  m_Name: 
  m_EditorClassIdentifier: 
  m_MeshFormatVersion: 1
  m_Faces:
  - m_Indexes: 000000000100000002000000010000000300000002000000
    m_SmoothingGroup: 0
    m_Uv:
      m_UseWorldSpace: 0
      m_FlipU: 0
      m_FlipV: 0
      m_SwapUV: 0
      m_Fill: 1
      m_Scale: {x: 1, y: 1}
      m_Offset: {x: 0, y: 0}
      m_Rotation: 0
      m_Anchor: 9
    m_Material: {fileID: 0}
    m_SubmeshIndex: 0
    m_ManualUV: 0
    elementGroup: -1
    m_TextureGroup: -1
  - m_Indexes: 040000000500000006000000050000000700000006000000
    m_SmoothingGroup: 0
    m_Uv:
      m_UseWorldSpace: 0
      m_FlipU: 0
      m_FlipV: 0
      m_SwapUV: 0
      m_Fill: 1
      m_Scale: {x: 1, y: 1}
      m_Offset: {x: 0, y: 0}
      m_Rotation: 0
      m_Anchor: 9
    m_Material: {fileID: 0}
    m_SubmeshIndex: 0
    m_ManualUV: 0
    elementGroup: -1
    m_TextureGroup: -1
  - m_Indexes: 08000000090000000a000000090000000b0000000a000000
    m_SmoothingGroup: 0
    m_Uv:
      m_UseWorldSpace: 0
      m_FlipU: 0
      m_FlipV: 0
      m_SwapUV: 0
      m_Fill: 1
      m_Scale: {x: 1, y: 1}
      m_Offset: {x: 0, y: 0}
      m_Rotation: 0
      m_Anchor: 9
    m_Material: {fileID: 0}
    m_SubmeshIndex: 0
    m_ManualUV: 0
    elementGroup: -1
    m_TextureGroup: -1
  - m_Indexes: 0c0000000d0000000e0000000d0000000f0000000e000000
    m_SmoothingGroup: 0
    m_Uv:
      m_UseWorldSpace: 0
      m_FlipU: 0
      m_FlipV: 0
      m_SwapUV: 0
      m_Fill: 1
      m_Scale: {x: 1, y: 1}
      m_Offset: {x: 0, y: 0}
      m_Rotation: 0
      m_Anchor: 9
    m_Material: {fileID: 0}
    m_SubmeshIndex: 0
    m_ManualUV: 0
    elementGroup: -1
    m_TextureGroup: -1
  - m_Indexes: 100000001100000012000000110000001300000012000000
    m_SmoothingGroup: 0
    m_Uv:
      m_UseWorldSpace: 0
      m_FlipU: 0
      m_FlipV: 0
      m_SwapUV: 0
      m_Fill: 1
      m_Scale: {x: 1, y: 1}
      m_Offset: {x: 0, y: 0}
      m_Rotation: 0
      m_Anchor: 9
    m_Material: {fileID: 0}
    m_SubmeshIndex: 0
    m_ManualUV: 0
    elementGroup: -1
    m_TextureGroup: -1
  - m_Indexes: 140000001500000016000000150000001700000016000000
    m_SmoothingGroup: 0
    m_Uv:
      m_UseWorldSpace: 0
      m_FlipU: 0
      m_FlipV: 0
      m_SwapUV: 0
      m_Fill: 1
      m_Scale: {x: 1, y: 1}
      m_Offset: {x: 0, y: 0}
      m_Rotation: 0
      m_Anchor: 9
    m_Material: {fileID: 0}
    m_SubmeshIndex: 0
    m_ManualUV: 0
    elementGroup: -1
    m_TextureGroup: -1
  m_SharedVertices:
  - m_Vertices: 000000000d00000016000000
  - m_Vertices: 010000000400000017000000
  - m_Vertices: 020000000f00000010000000
  - m_Vertices: 030000000600000011000000
  - m_Vertices: 050000000800000015000000
  - m_Vertices: 070000000a00000013000000
  - m_Vertices: 090000000c00000014000000
  - m_Vertices: 0b0000000e00000012000000
  m_SharedTextures: []
  m_Positions:
  - {x: 8, y: 0, z: 0.0000009536743}
  - {x: 10, y: 0, z: 0}
  - {x: 8, y: 3, z: 0.0000012218952}
  - {x: 10, y: 3, z: 0.000000029802322}
  - {x: 10, y: 0, z: 0}
  - {x: 10, y: 0, z: -0.25}
  - {x: 10, y: 3, z: 0.000000029802322}
  - {x: 10, y: 3, z: -0.25}
  - {x: 10, y: 0, z: -0.25}
  - {x: 8, y: 0, z: -0.24999906}
  - {x: 10, y: 3, z: -0.25}
  - {x: 8, y: 3, z: -0.24999882}
  - {x: 8, y: 0, z: -0.24999906}
  - {x: 8, y: 0, z: 0.0000009536743}
  - {x: 8, y: 3, z: -0.24999882}
  - {x: 8, y: 3, z: 0.0000012218952}
  - {x: 8, y: 3, z: 0.0000012218952}
  - {x: 10, y: 3, z: 0.000000029802322}
  - {x: 8, y: 3, z: -0.24999882}
  - {x: 10, y: 3, z: -0.25}
  - {x: 8, y: 0, z: -0.24999906}
  - {x: 10, y: 0, z: -0.25}
  - {x: 8, y: 0, z: 0.0000009536743}
  - {x: 10, y: 0, z: 0}
  m_Textures0:
  - {x: -8, y: 4.2632564e-13}
  - {x: -10, y: 4.2632564e-13}
  - {x: -8, y: 3}
  - {x: -10, y: 3}
  - {x: 0, y: 0}
  - {x: -0.25, y: 0}
  - {x: 0.000000029802322, y: 3}
  - {x: -0.25, y: 3}
  - {x: 10, y: 0}
  - {x: 8, y: 0}
  - {x: 10, y: 3}
  - {x: 8, y: 3}
  - {x: 0.24999906, y: 0}
  - {x: -0.0000009536743, y: 0}
  - {x: 0.24999882, y: 3}
  - {x: -0.0000012218952, y: 3}
  - {x: 8, y: 0.0000012218952}
  - {x: 10, y: 0.000000029802322}
  - {x: 8, y: -0.24999882}
  - {x: 10, y: -0.25}
  - {x: -8, y: -0.24999906}
  - {x: -10, y: -0.25}
  - {x: -8, y: 0.0000009536743}
  - {x: -10, y: 0}
  m_Textures2: []
  m_Textures3: []
  m_Tangents:
  - {x: -1, y: 0, z: 0.00000047683716, w: -1}
  - {x: -1, y: 0, z: 0.0000005364418, w: -1}
  - {x: -1, y: 0, z: 0.0000005364418, w: -1}
  - {x: -1, y: 0, z: 0.00000059604645, w: -1}
  - {x: 0, y: 0, z: 1, w: -1}
  - {x: 0, y: 0, z: 1, w: -1}
  - {x: 0, y: 0, z: 1, w: -1}
  - {x: 0, y: 0, z: 1, w: -1}
  - {x: 1, y: 0, z: -0.00000046938658, w: -1}
  - {x: 1, y: 0, z: -0.0000005289912, w: -1}
  - {x: 1, y: 0, z: -0.0000005289912, w: -1}
  - {x: 1, y: 0, z: -0.00000058859587, w: -1}
  - {x: 0, y: 0, z: -1, w: -1}
  - {x: 0, y: 0, z: -1, w: -1}
  - {x: 0, y: 0, z: -1, w: -1}
  - {x: 0, y: 0, z: -1, w: -1}
  - {x: 1, y: 0, z: 0, w: -1}
  - {x: 1, y: 0, z: 0, w: -1}
  - {x: 1, y: 0, z: 0, w: -1}
  - {x: 1, y: 0, z: 0, w: -1}
  - {x: -1, y: 0, z: 0, w: -1}
  - {x: -1, y: 0, z: 0, w: -1}
  - {x: -1, y: 0, z: 0, w: -1}
  - {x: -1, y: 0, z: 0, w: -1}
  m_Colors: []
  m_UnwrapParameters:
    m_HardAngle: 88
    m_PackMargin: 20
    m_AngleError: 8
    m_AreaError: 15
  m_PreserveMeshAssetOnDestroy: 0
  assetGuid: 
  m_IsSelectable: 1
  m_SelectedFaces: 03000000
  m_SelectedEdges:
  - a: 12
    b: 13
  - a: 14
    b: 12
  - a: 13
    b: 15
  - a: 15
    b: 14
  m_SelectedVertices: 0c0000000d0000000e0000000f000000
--- !u!64 &1117541993639861912
MeshCollider:
  m_ObjectHideFlags: 0
  m_CorrespondingSourceObject: {fileID: 0}
  m_PrefabInstance: {fileID: 0}
  m_PrefabAsset: {fileID: 0}
  m_GameObject: {fileID: 1117541993639861918}
  m_Material: {fileID: 0}
  m_IsTrigger: 0
  m_Enabled: 1
  serializedVersion: 3
  m_Convex: 0
  m_CookingOptions: 14
  m_Mesh: {fileID: 0}
--- !u!208 &1117541993639861913
NavMeshObstacle:
  m_ObjectHideFlags: 0
  m_CorrespondingSourceObject: {fileID: 0}
  m_PrefabInstance: {fileID: 0}
  m_PrefabAsset: {fileID: 0}
  m_GameObject: {fileID: 1117541993639861918}
  m_Enabled: 1
  serializedVersion: 3
  m_Shape: 1
  m_Extents: {x: 1, y: 1.5000001, z: 0.125}
  m_MoveThreshold: 0.1
  m_Carve: 0
  m_CarveOnlyStationary: 1
  m_Center: {x: 9, y: 1.5000001, z: -0.125}
  m_TimeToStationary: 0.5
--- !u!1 &1117541994070752098
GameObject:
  m_ObjectHideFlags: 0
  m_CorrespondingSourceObject: {fileID: 0}
  m_PrefabInstance: {fileID: 0}
  m_PrefabAsset: {fileID: 0}
  serializedVersion: 6
  m_Component:
  - component: {fileID: 1117541994070752104}
  - component: {fileID: 1117541994070752105}
  - component: {fileID: 1117541994070752110}
  - component: {fileID: 1117541994070752111}
  - component: {fileID: 1117541994070752108}
  - component: {fileID: 1117541994070752109}
  m_Layer: 0
  m_Name: WallCorner
  m_TagString: Untagged
  m_Icon: {fileID: 0}
  m_NavMeshLayer: 0
  m_StaticEditorFlags: 4294967295
  m_IsActive: 1
--- !u!4 &1117541994070752104
Transform:
  m_ObjectHideFlags: 0
  m_CorrespondingSourceObject: {fileID: 0}
  m_PrefabInstance: {fileID: 0}
  m_PrefabAsset: {fileID: 0}
  m_GameObject: {fileID: 1117541994070752098}
  m_LocalRotation: {x: -0, y: -0, z: -0, w: 1}
  m_LocalPosition: {x: -5.25, y: 0, z: 5.249998}
  m_LocalScale: {x: 1, y: 1, z: 1}
  m_Children: []
  m_Father: {fileID: 6106535006147110600}
  m_RootOrder: 0
  m_LocalEulerAnglesHint: {x: 0, y: 0, z: 0}
--- !u!33 &1117541994070752105
MeshFilter:
  m_ObjectHideFlags: 0
  m_CorrespondingSourceObject: {fileID: 0}
  m_PrefabInstance: {fileID: 0}
  m_PrefabAsset: {fileID: 0}
  m_GameObject: {fileID: 1117541994070752098}
  m_Mesh: {fileID: 0}
--- !u!23 &1117541994070752110
MeshRenderer:
  m_ObjectHideFlags: 0
  m_CorrespondingSourceObject: {fileID: 0}
  m_PrefabInstance: {fileID: 0}
  m_PrefabAsset: {fileID: 0}
  m_GameObject: {fileID: 1117541994070752098}
  m_Enabled: 1
  m_CastShadows: 1
  m_ReceiveShadows: 1
  m_DynamicOccludee: 1
  m_MotionVectors: 1
  m_LightProbeUsage: 1
  m_ReflectionProbeUsage: 1
  m_RenderingLayerMask: 1
  m_RendererPriority: 0
  m_Materials:
  - {fileID: 2100000, guid: 0bf93fe055180334d98f6be6a553a278, type: 2}
  m_StaticBatchInfo:
    firstSubMesh: 0
    subMeshCount: 0
  m_StaticBatchRoot: {fileID: 0}
  m_ProbeAnchor: {fileID: 0}
  m_LightProbeVolumeOverride: {fileID: 0}
  m_ScaleInLightmap: 1
  m_PreserveUVs: 0
  m_IgnoreNormalsForChartDetection: 0
  m_ImportantGI: 0
  m_StitchLightmapSeams: 1
  m_SelectedEditorRenderState: 2
  m_MinimumChartSize: 4
  m_AutoUVMaxDistance: 0.5
  m_AutoUVMaxAngle: 89
  m_LightmapParameters: {fileID: 0}
  m_SortingLayerID: 0
  m_SortingLayer: 0
  m_SortingOrder: 0
--- !u!114 &1117541994070752111
MonoBehaviour:
  m_ObjectHideFlags: 0
  m_CorrespondingSourceObject: {fileID: 0}
  m_PrefabInstance: {fileID: 0}
  m_PrefabAsset: {fileID: 0}
  m_GameObject: {fileID: 1117541994070752098}
  m_Enabled: 1
  m_EditorHideFlags: 0
  m_Script: {fileID: 11500000, guid: 8233d90336aea43098adf6dbabd606a2, type: 3}
  m_Name: 
  m_EditorClassIdentifier: 
  m_MeshFormatVersion: 1
  m_Faces:
  - m_Indexes: 000000000100000002000000010000000300000002000000
    m_SmoothingGroup: 0
    m_Uv:
      m_UseWorldSpace: 0
      m_FlipU: 0
      m_FlipV: 0
      m_SwapUV: 0
      m_Fill: 1
      m_Scale: {x: 1, y: 1}
      m_Offset: {x: 0, y: 0}
      m_Rotation: 0
      m_Anchor: 9
    m_Material: {fileID: 0}
    m_SubmeshIndex: 0
    m_ManualUV: 0
    elementGroup: -1
    m_TextureGroup: -1
  - m_Indexes: 040000000500000006000000050000000700000006000000
    m_SmoothingGroup: 0
    m_Uv:
      m_UseWorldSpace: 0
      m_FlipU: 0
      m_FlipV: 0
      m_SwapUV: 0
      m_Fill: 1
      m_Scale: {x: 1, y: 1}
      m_Offset: {x: 0, y: 0}
      m_Rotation: 0
      m_Anchor: 9
    m_Material: {fileID: 0}
    m_SubmeshIndex: 0
    m_ManualUV: 0
    elementGroup: -1
    m_TextureGroup: -1
  - m_Indexes: 08000000090000000a000000090000000b0000000a000000
    m_SmoothingGroup: 0
    m_Uv:
      m_UseWorldSpace: 0
      m_FlipU: 0
      m_FlipV: 0
      m_SwapUV: 0
      m_Fill: 1
      m_Scale: {x: 1, y: 1}
      m_Offset: {x: 0, y: 0}
      m_Rotation: 0
      m_Anchor: 9
    m_Material: {fileID: 0}
    m_SubmeshIndex: 0
    m_ManualUV: 0
    elementGroup: -1
    m_TextureGroup: -1
  - m_Indexes: 0c0000000d0000000e0000000d0000000f0000000e000000
    m_SmoothingGroup: 0
    m_Uv:
      m_UseWorldSpace: 0
      m_FlipU: 0
      m_FlipV: 0
      m_SwapUV: 0
      m_Fill: 1
      m_Scale: {x: 1, y: 1}
      m_Offset: {x: 0, y: 0}
      m_Rotation: 0
      m_Anchor: 9
    m_Material: {fileID: 0}
    m_SubmeshIndex: 0
    m_ManualUV: 0
    elementGroup: -1
    m_TextureGroup: -1
  - m_Indexes: 100000001100000012000000110000001300000012000000
    m_SmoothingGroup: 0
    m_Uv:
      m_UseWorldSpace: 0
      m_FlipU: 0
      m_FlipV: 0
      m_SwapUV: 0
      m_Fill: 1
      m_Scale: {x: 1, y: 1}
      m_Offset: {x: 0, y: 0}
      m_Rotation: 0
      m_Anchor: 9
    m_Material: {fileID: 0}
    m_SubmeshIndex: 0
    m_ManualUV: 0
    elementGroup: -1
    m_TextureGroup: -1
  - m_Indexes: 140000001500000016000000150000001700000016000000
    m_SmoothingGroup: 0
    m_Uv:
      m_UseWorldSpace: 0
      m_FlipU: 0
      m_FlipV: 0
      m_SwapUV: 0
      m_Fill: 1
      m_Scale: {x: 1, y: 1}
      m_Offset: {x: 0, y: 0}
      m_Rotation: 0
      m_Anchor: 9
    m_Material: {fileID: 0}
    m_SubmeshIndex: 0
    m_ManualUV: 0
    elementGroup: -1
    m_TextureGroup: -1
  m_SharedVertices:
  - m_Vertices: 000000000d00000016000000
  - m_Vertices: 010000000400000017000000
  - m_Vertices: 020000000f00000010000000
  - m_Vertices: 030000000600000011000000
  - m_Vertices: 050000000800000015000000
  - m_Vertices: 070000000a00000013000000
  - m_Vertices: 090000000c00000014000000
  - m_Vertices: 0b0000000e00000012000000
  m_SharedTextures: []
  m_Positions:
  - {x: 8, y: 0, z: 0.0000009536743}
  - {x: 10, y: 0, z: 0}
  - {x: 8, y: 3, z: 0.0000012218952}
  - {x: 10, y: 3, z: 0.000000029802322}
  - {x: 10, y: 0, z: 0}
  - {x: 10, y: 0, z: -0.25}
  - {x: 10, y: 3, z: 0.000000029802322}
  - {x: 10, y: 3, z: -0.25}
  - {x: 10, y: 0, z: -0.25}
  - {x: 8, y: 0, z: -0.24999906}
  - {x: 10, y: 3, z: -0.25}
  - {x: 8, y: 3, z: -0.24999882}
  - {x: 8, y: 0, z: -0.24999906}
  - {x: 8, y: 0, z: 0.0000009536743}
  - {x: 8, y: 3, z: -0.24999882}
  - {x: 8, y: 3, z: 0.0000012218952}
  - {x: 8, y: 3, z: 0.0000012218952}
  - {x: 10, y: 3, z: 0.000000029802322}
  - {x: 8, y: 3, z: -0.24999882}
  - {x: 10, y: 3, z: -0.25}
  - {x: 8, y: 0, z: -0.24999906}
  - {x: 10, y: 0, z: -0.25}
  - {x: 8, y: 0, z: 0.0000009536743}
  - {x: 10, y: 0, z: 0}
  m_Textures0:
  - {x: -8, y: 4.2632564e-13}
  - {x: -10, y: 4.2632564e-13}
  - {x: -8, y: 3}
  - {x: -10, y: 3}
  - {x: 0, y: 0}
  - {x: -0.25, y: 0}
  - {x: 0.000000029802322, y: 3}
  - {x: -0.25, y: 3}
  - {x: 10, y: 0}
  - {x: 8, y: 0}
  - {x: 10, y: 3}
  - {x: 8, y: 3}
  - {x: 0.24999906, y: 0}
  - {x: -0.0000009536743, y: 0}
  - {x: 0.24999882, y: 3}
  - {x: -0.0000012218952, y: 3}
  - {x: 8, y: 0.0000012218952}
  - {x: 10, y: 0.000000029802322}
  - {x: 8, y: -0.24999882}
  - {x: 10, y: -0.25}
  - {x: -8, y: -0.24999906}
  - {x: -10, y: -0.25}
  - {x: -8, y: 0.0000009536743}
  - {x: -10, y: 0}
  m_Textures2: []
  m_Textures3: []
  m_Tangents:
  - {x: -1, y: 0, z: 0.00000047683716, w: -1}
  - {x: -1, y: 0, z: 0.0000005364418, w: -1}
  - {x: -1, y: 0, z: 0.0000005364418, w: -1}
  - {x: -1, y: 0, z: 0.00000059604645, w: -1}
  - {x: 0, y: 0, z: 1, w: -1}
  - {x: 0, y: 0, z: 1, w: -1}
  - {x: 0, y: 0, z: 1, w: -1}
  - {x: 0, y: 0, z: 1, w: -1}
  - {x: 1, y: 0, z: -0.00000046938658, w: -1}
  - {x: 1, y: 0, z: -0.0000005289912, w: -1}
  - {x: 1, y: 0, z: -0.0000005289912, w: -1}
  - {x: 1, y: 0, z: -0.00000058859587, w: -1}
  - {x: 0, y: 0, z: -1, w: -1}
  - {x: 0, y: 0, z: -1, w: -1}
  - {x: 0, y: 0, z: -1, w: -1}
  - {x: 0, y: 0, z: -1, w: -1}
  - {x: 1, y: 0, z: 0, w: -1}
  - {x: 1, y: 0, z: 0, w: -1}
  - {x: 1, y: 0, z: 0, w: -1}
  - {x: 1, y: 0, z: 0, w: -1}
  - {x: -1, y: 0, z: 0, w: -1}
  - {x: -1, y: 0, z: 0, w: -1}
  - {x: -1, y: 0, z: 0, w: -1}
  - {x: -1, y: 0, z: 0, w: -1}
  m_Colors: []
  m_UnwrapParameters:
    m_HardAngle: 88
    m_PackMargin: 20
    m_AngleError: 8
    m_AreaError: 15
  m_PreserveMeshAssetOnDestroy: 0
  assetGuid: 
  m_IsSelectable: 1
  m_SelectedFaces: 03000000
  m_SelectedEdges:
  - a: 12
    b: 13
  - a: 14
    b: 12
  - a: 13
    b: 15
  - a: 15
    b: 14
  m_SelectedVertices: 0c0000000d0000000e0000000f000000
--- !u!64 &1117541994070752108
MeshCollider:
  m_ObjectHideFlags: 0
  m_CorrespondingSourceObject: {fileID: 0}
  m_PrefabInstance: {fileID: 0}
  m_PrefabAsset: {fileID: 0}
  m_GameObject: {fileID: 1117541994070752098}
  m_Material: {fileID: 0}
  m_IsTrigger: 0
  m_Enabled: 1
  serializedVersion: 3
  m_Convex: 0
  m_CookingOptions: 14
  m_Mesh: {fileID: 0}
--- !u!208 &1117541994070752109
NavMeshObstacle:
  m_ObjectHideFlags: 0
  m_CorrespondingSourceObject: {fileID: 0}
  m_PrefabInstance: {fileID: 0}
  m_PrefabAsset: {fileID: 0}
  m_GameObject: {fileID: 1117541994070752098}
  m_Enabled: 1
  serializedVersion: 3
  m_Shape: 1
  m_Extents: {x: 1, y: 1.5000001, z: 0.125}
  m_MoveThreshold: 0.1
  m_Carve: 0
  m_CarveOnlyStationary: 1
  m_Center: {x: 9, y: 1.5000001, z: -0.125}
  m_TimeToStationary: 0.5
--- !u!1 &2202468238184026093
GameObject:
  m_ObjectHideFlags: 0
  m_CorrespondingSourceObject: {fileID: 0}
  m_PrefabInstance: {fileID: 0}
  m_PrefabAsset: {fileID: 0}
  serializedVersion: 6
  m_Component:
  - component: {fileID: 242338570780613965}
  m_Layer: 0
  m_Name: RoomCorner (2)
  m_TagString: Untagged
  m_Icon: {fileID: 0}
  m_NavMeshLayer: 0
  m_StaticEditorFlags: 0
  m_IsActive: 1
--- !u!4 &242338570780613965
Transform:
  m_ObjectHideFlags: 0
  m_CorrespondingSourceObject: {fileID: 0}
  m_PrefabInstance: {fileID: 0}
  m_PrefabAsset: {fileID: 0}
  m_GameObject: {fileID: 2202468238184026093}
  m_LocalRotation: {x: 0, y: 1, z: 0, w: 0}
  m_LocalPosition: {x: 10.25, y: 0, z: -10}
  m_LocalScale: {x: 1, y: 1, z: 1}
  m_Children:
  - {fileID: 6368228529024844013}
  - {fileID: 6368228528124568833}
  m_Father: {fileID: 270901032273814543}
  m_RootOrder: 4
  m_LocalEulerAnglesHint: {x: 0, y: 180, z: 0}
--- !u!1 &2202468239410981024
GameObject:
  m_ObjectHideFlags: 0
  m_CorrespondingSourceObject: {fileID: 0}
  m_PrefabInstance: {fileID: 0}
  m_PrefabAsset: {fileID: 0}
  serializedVersion: 6
  m_Component:
  - component: {fileID: 242338569591519744}
  m_Layer: 0
  m_Name: RoomCorner (1)
  m_TagString: Untagged
  m_Icon: {fileID: 0}
  m_NavMeshLayer: 0
  m_StaticEditorFlags: 0
  m_IsActive: 1
--- !u!4 &242338569591519744
Transform:
  m_ObjectHideFlags: 0
  m_CorrespondingSourceObject: {fileID: 0}
  m_PrefabInstance: {fileID: 0}
  m_PrefabAsset: {fileID: 0}
  m_GameObject: {fileID: 2202468239410981024}
  m_LocalRotation: {x: 0, y: 0.7071068, z: 0, w: 0.7071068}
  m_LocalPosition: {x: 10.25, y: 0, z: 0}
  m_LocalScale: {x: 1, y: 1, z: 1}
  m_Children:
  - {fileID: 6368228529317757516}
  - {fileID: 6368228527802230688}
  m_Father: {fileID: 270901032273814543}
  m_RootOrder: 3
  m_LocalEulerAnglesHint: {x: 0, y: 90, z: 0}
--- !u!1 &2202468239939060450
GameObject:
  m_ObjectHideFlags: 0
  m_CorrespondingSourceObject: {fileID: 0}
  m_PrefabInstance: {fileID: 0}
  m_PrefabAsset: {fileID: 0}
  serializedVersion: 6
  m_Component:
  - component: {fileID: 242338569030389826}
  m_Layer: 0
  m_Name: RoomCorner (3)
  m_TagString: Untagged
  m_Icon: {fileID: 0}
  m_NavMeshLayer: 0
  m_StaticEditorFlags: 0
  m_IsActive: 1
--- !u!4 &242338569030389826
Transform:
  m_ObjectHideFlags: 0
  m_CorrespondingSourceObject: {fileID: 0}
  m_PrefabInstance: {fileID: 0}
  m_PrefabAsset: {fileID: 0}
  m_GameObject: {fileID: 2202468239939060450}
  m_LocalRotation: {x: 0, y: 0.7071068, z: -0, w: -0.7071068}
  m_LocalPosition: {x: 0.25, y: 0, z: -10}
  m_LocalScale: {x: 1, y: 1, z: 1}
  m_Children:
  - {fileID: 6368228528364129762}
  - {fileID: 6368228528805144590}
  m_Father: {fileID: 270901032273814543}
  m_RootOrder: 5
  m_LocalEulerAnglesHint: {x: 0, y: 270, z: 0}
--- !u!1 &5027136965953246160
GameObject:
  m_ObjectHideFlags: 0
  m_CorrespondingSourceObject: {fileID: 0}
  m_PrefabInstance: {fileID: 0}
  m_PrefabAsset: {fileID: 0}
  serializedVersion: 6
  m_Component:
  - component: {fileID: 270901032273814543}
  - component: {fileID: 4851840370559694749}
  m_Layer: 0
  m_Name: RoomHoleLarge
  m_TagString: Untagged
  m_Icon: {fileID: 0}
  m_NavMeshLayer: 0
  m_StaticEditorFlags: 0
  m_IsActive: 1
--- !u!4 &270901032273814543
Transform:
  m_ObjectHideFlags: 0
  m_CorrespondingSourceObject: {fileID: 0}
  m_PrefabInstance: {fileID: 0}
  m_PrefabAsset: {fileID: 0}
  m_GameObject: {fileID: 5027136965953246160}
  m_LocalRotation: {x: 0, y: 0, z: 0, w: 1}
  m_LocalPosition: {x: 0, y: 0, z: 0}
  m_LocalScale: {x: 1, y: 1, z: 1}
  m_Children:
  - {fileID: 3997227037290252615}
  - {fileID: 4092684754387162462}
  - {fileID: 6106535006147110600}
  - {fileID: 242338569591519744}
  - {fileID: 242338570780613965}
  - {fileID: 242338569030389826}
  m_Father: {fileID: 0}
  m_RootOrder: 0
  m_LocalEulerAnglesHint: {x: 0, y: 0, z: 0}
--- !u!114 &4851840370559694749
MonoBehaviour:
  m_ObjectHideFlags: 0
  m_CorrespondingSourceObject: {fileID: 0}
  m_PrefabInstance: {fileID: 0}
  m_PrefabAsset: {fileID: 0}
  m_GameObject: {fileID: 5027136965953246160}
  m_Enabled: 1
  m_EditorHideFlags: 0
  m_Script: {fileID: 11500000, guid: 8bf80d855110ea04782bdc82789144b9, type: 3}
  m_Name: 
  m_EditorClassIdentifier: 
  roomType: 1
--- !u!1 &5292448295227618408
GameObject:
  m_ObjectHideFlags: 0
  m_CorrespondingSourceObject: {fileID: 0}
  m_PrefabInstance: {fileID: 0}
  m_PrefabAsset: {fileID: 0}
  serializedVersion: 6
  m_Component:
  - component: {fileID: 6106535006147110600}
  m_Layer: 0
  m_Name: RoomCorner
  m_TagString: Untagged
  m_Icon: {fileID: 0}
  m_NavMeshLayer: 0
  m_StaticEditorFlags: 0
  m_IsActive: 1
--- !u!4 &6106535006147110600
Transform:
  m_ObjectHideFlags: 0
  m_CorrespondingSourceObject: {fileID: 0}
  m_PrefabInstance: {fileID: 0}
  m_PrefabAsset: {fileID: 0}
  m_GameObject: {fileID: 5292448295227618408}
  m_LocalRotation: {x: 0, y: 0, z: 0, w: 1}
  m_LocalPosition: {x: 0.25, y: 0, z: 0}
  m_LocalScale: {x: 1, y: 1, z: 1}
  m_Children:
  - {fileID: 1117541994070752104}
  - {fileID: 1117541993639861892}
  m_Father: {fileID: 270901032273814543}
  m_RootOrder: 2
  m_LocalEulerAnglesHint: {x: 0, y: 0, z: 0}
--- !u!1 &6368228527802230698
GameObject:
  m_ObjectHideFlags: 0
  m_CorrespondingSourceObject: {fileID: 0}
  m_PrefabInstance: {fileID: 0}
  m_PrefabAsset: {fileID: 0}
  serializedVersion: 6
  m_Component:
  - component: {fileID: 6368228527802230688}
  - component: {fileID: 6368228527802230689}
  - component: {fileID: 6368228527802230694}
  - component: {fileID: 6368228527802230695}
  - component: {fileID: 6368228527802230692}
  - component: {fileID: 6368228527802230693}
  m_Layer: 0
  m_Name: WallCorner
  m_TagString: Untagged
  m_Icon: {fileID: 0}
  m_NavMeshLayer: 0
  m_StaticEditorFlags: 4294967295
  m_IsActive: 1
--- !u!4 &6368228527802230688
Transform:
  m_ObjectHideFlags: 0
  m_CorrespondingSourceObject: {fileID: 0}
  m_PrefabInstance: {fileID: 0}
  m_PrefabAsset: {fileID: 0}
  m_GameObject: {fileID: 6368228527802230698}
  m_LocalRotation: {x: -0, y: -0, z: -0, w: 1}
  m_LocalPosition: {x: -5, y: 0, z: -5}
  m_LocalScale: {x: 1, y: 1, z: 1}
  m_Children: []
  m_Father: {fileID: 242338569591519744}
  m_RootOrder: 1
  m_LocalEulerAnglesHint: {x: 0, y: 0, z: 0}
--- !u!33 &6368228527802230689
MeshFilter:
  m_ObjectHideFlags: 0
  m_CorrespondingSourceObject: {fileID: 0}
  m_PrefabInstance: {fileID: 0}
  m_PrefabAsset: {fileID: 0}
  m_GameObject: {fileID: 6368228527802230698}
  m_Mesh: {fileID: 0}
--- !u!23 &6368228527802230694
MeshRenderer:
  m_ObjectHideFlags: 0
  m_CorrespondingSourceObject: {fileID: 0}
  m_PrefabInstance: {fileID: 0}
  m_PrefabAsset: {fileID: 0}
  m_GameObject: {fileID: 6368228527802230698}
  m_Enabled: 1
  m_CastShadows: 1
  m_ReceiveShadows: 1
  m_DynamicOccludee: 1
  m_MotionVectors: 1
  m_LightProbeUsage: 1
  m_ReflectionProbeUsage: 1
  m_RenderingLayerMask: 1
  m_RendererPriority: 0
  m_Materials:
  - {fileID: 2100000, guid: 0bf93fe055180334d98f6be6a553a278, type: 2}
  m_StaticBatchInfo:
    firstSubMesh: 0
    subMeshCount: 0
  m_StaticBatchRoot: {fileID: 0}
  m_ProbeAnchor: {fileID: 0}
  m_LightProbeVolumeOverride: {fileID: 0}
  m_ScaleInLightmap: 1
  m_PreserveUVs: 0
  m_IgnoreNormalsForChartDetection: 0
  m_ImportantGI: 0
  m_StitchLightmapSeams: 1
  m_SelectedEditorRenderState: 2
  m_MinimumChartSize: 4
  m_AutoUVMaxDistance: 0.5
  m_AutoUVMaxAngle: 89
  m_LightmapParameters: {fileID: 0}
  m_SortingLayerID: 0
  m_SortingLayer: 0
  m_SortingOrder: 0
--- !u!114 &6368228527802230695
MonoBehaviour:
  m_ObjectHideFlags: 0
  m_CorrespondingSourceObject: {fileID: 0}
  m_PrefabInstance: {fileID: 0}
  m_PrefabAsset: {fileID: 0}
  m_GameObject: {fileID: 6368228527802230698}
  m_Enabled: 1
  m_EditorHideFlags: 0
  m_Script: {fileID: 11500000, guid: 8233d90336aea43098adf6dbabd606a2, type: 3}
  m_Name: 
  m_EditorClassIdentifier: 
  m_MeshFormatVersion: 1
  m_Faces:
  - m_Indexes: 000000000100000002000000010000000300000002000000
    m_SmoothingGroup: 0
    m_Uv:
      m_UseWorldSpace: 0
      m_FlipU: 0
      m_FlipV: 0
      m_SwapUV: 0
      m_Fill: 1
      m_Scale: {x: 1, y: 1}
      m_Offset: {x: 0, y: 0}
      m_Rotation: 0
      m_Anchor: 9
    m_Material: {fileID: 0}
    m_SubmeshIndex: 0
    m_ManualUV: 0
    elementGroup: -1
    m_TextureGroup: -1
  - m_Indexes: 040000000500000006000000050000000700000006000000
    m_SmoothingGroup: 0
    m_Uv:
      m_UseWorldSpace: 0
      m_FlipU: 0
      m_FlipV: 0
      m_SwapUV: 0
      m_Fill: 1
      m_Scale: {x: 1, y: 1}
      m_Offset: {x: 0, y: 0}
      m_Rotation: 0
      m_Anchor: 9
    m_Material: {fileID: 0}
    m_SubmeshIndex: 0
    m_ManualUV: 0
    elementGroup: -1
    m_TextureGroup: -1
  - m_Indexes: 08000000090000000a000000090000000b0000000a000000
    m_SmoothingGroup: 0
    m_Uv:
      m_UseWorldSpace: 0
      m_FlipU: 0
      m_FlipV: 0
      m_SwapUV: 0
      m_Fill: 1
      m_Scale: {x: 1, y: 1}
      m_Offset: {x: 0, y: 0}
      m_Rotation: 0
      m_Anchor: 9
    m_Material: {fileID: 0}
    m_SubmeshIndex: 0
    m_ManualUV: 0
    elementGroup: -1
    m_TextureGroup: -1
  - m_Indexes: 0c0000000d0000000e0000000d0000000f0000000e000000
    m_SmoothingGroup: 0
    m_Uv:
      m_UseWorldSpace: 0
      m_FlipU: 0
      m_FlipV: 0
      m_SwapUV: 0
      m_Fill: 1
      m_Scale: {x: 1, y: 1}
      m_Offset: {x: 0, y: 0}
      m_Rotation: 0
      m_Anchor: 9
    m_Material: {fileID: 0}
    m_SubmeshIndex: 0
    m_ManualUV: 0
    elementGroup: -1
    m_TextureGroup: -1
  - m_Indexes: 100000001100000012000000110000001300000012000000
    m_SmoothingGroup: 0
    m_Uv:
      m_UseWorldSpace: 0
      m_FlipU: 0
      m_FlipV: 0
      m_SwapUV: 0
      m_Fill: 1
      m_Scale: {x: 1, y: 1}
      m_Offset: {x: 0, y: 0}
      m_Rotation: 0
      m_Anchor: 9
    m_Material: {fileID: 0}
    m_SubmeshIndex: 0
    m_ManualUV: 0
    elementGroup: -1
    m_TextureGroup: -1
  - m_Indexes: 140000001500000016000000150000001700000016000000
    m_SmoothingGroup: 0
    m_Uv:
      m_UseWorldSpace: 0
      m_FlipU: 0
      m_FlipV: 0
      m_SwapUV: 0
      m_Fill: 1
      m_Scale: {x: 1, y: 1}
      m_Offset: {x: 0, y: 0}
      m_Rotation: 0
      m_Anchor: 9
    m_Material: {fileID: 0}
    m_SubmeshIndex: 0
    m_ManualUV: 0
    elementGroup: -1
    m_TextureGroup: -1
  m_SharedVertices:
  - m_Vertices: 000000000d00000016000000
  - m_Vertices: 010000000400000017000000
  - m_Vertices: 020000000f00000010000000
  - m_Vertices: 030000000600000011000000
  - m_Vertices: 050000000800000015000000
  - m_Vertices: 070000000a00000013000000
  - m_Vertices: 090000000c00000014000000
  - m_Vertices: 0b0000000e00000012000000
  m_SharedTextures: []
  m_Positions:
  - {x: 8, y: 0, z: 0.0000009536743}
  - {x: 10, y: 0, z: 0}
  - {x: 8, y: 3, z: 0.0000012218952}
  - {x: 10, y: 3, z: 0.000000029802322}
  - {x: 10, y: 0, z: 0}
  - {x: 10, y: 0, z: -0.25}
  - {x: 10, y: 3, z: 0.000000029802322}
  - {x: 10, y: 3, z: -0.25}
  - {x: 10, y: 0, z: -0.25}
  - {x: 8, y: 0, z: -0.24999906}
  - {x: 10, y: 3, z: -0.25}
  - {x: 8, y: 3, z: -0.24999882}
  - {x: 8, y: 0, z: -0.24999906}
  - {x: 8, y: 0, z: 0.0000009536743}
  - {x: 8, y: 3, z: -0.24999882}
  - {x: 8, y: 3, z: 0.0000012218952}
  - {x: 8, y: 3, z: 0.0000012218952}
  - {x: 10, y: 3, z: 0.000000029802322}
  - {x: 8, y: 3, z: -0.24999882}
  - {x: 10, y: 3, z: -0.25}
  - {x: 8, y: 0, z: -0.24999906}
  - {x: 10, y: 0, z: -0.25}
  - {x: 8, y: 0, z: 0.0000009536743}
  - {x: 10, y: 0, z: 0}
  m_Textures0:
  - {x: -8, y: 4.2632564e-13}
  - {x: -10, y: 4.2632564e-13}
  - {x: -8, y: 3}
  - {x: -10, y: 3}
  - {x: 0, y: 0}
  - {x: -0.25, y: 0}
  - {x: 0.000000029802322, y: 3}
  - {x: -0.25, y: 3}
  - {x: 10, y: 0}
  - {x: 8, y: 0}
  - {x: 10, y: 3}
  - {x: 8, y: 3}
  - {x: 0.24999906, y: 0}
  - {x: -0.0000009536743, y: 0}
  - {x: 0.24999882, y: 3}
  - {x: -0.0000012218952, y: 3}
  - {x: 8, y: 0.0000012218952}
  - {x: 10, y: 0.000000029802322}
  - {x: 8, y: -0.24999882}
  - {x: 10, y: -0.25}
  - {x: -8, y: -0.24999906}
  - {x: -10, y: -0.25}
  - {x: -8, y: 0.0000009536743}
  - {x: -10, y: 0}
  m_Textures2: []
  m_Textures3: []
  m_Tangents:
  - {x: -1, y: 0, z: 0.00000047683716, w: -1}
  - {x: -1, y: 0, z: 0.0000005364418, w: -1}
  - {x: -1, y: 0, z: 0.0000005364418, w: -1}
  - {x: -1, y: 0, z: 0.00000059604645, w: -1}
  - {x: 0, y: 0, z: 1, w: -1}
  - {x: 0, y: 0, z: 1, w: -1}
  - {x: 0, y: 0, z: 1, w: -1}
  - {x: 0, y: 0, z: 1, w: -1}
  - {x: 1, y: 0, z: -0.00000046938658, w: -1}
  - {x: 1, y: 0, z: -0.0000005289912, w: -1}
  - {x: 1, y: 0, z: -0.0000005289912, w: -1}
  - {x: 1, y: 0, z: -0.00000058859587, w: -1}
  - {x: 0, y: 0, z: -1, w: -1}
  - {x: 0, y: 0, z: -1, w: -1}
  - {x: 0, y: 0, z: -1, w: -1}
  - {x: 0, y: 0, z: -1, w: -1}
  - {x: 1, y: 0, z: 0, w: -1}
  - {x: 1, y: 0, z: 0, w: -1}
  - {x: 1, y: 0, z: 0, w: -1}
  - {x: 1, y: 0, z: 0, w: -1}
  - {x: -1, y: 0, z: 0, w: -1}
  - {x: -1, y: 0, z: 0, w: -1}
  - {x: -1, y: 0, z: 0, w: -1}
  - {x: -1, y: 0, z: 0, w: -1}
  m_Colors: []
  m_UnwrapParameters:
    m_HardAngle: 88
    m_PackMargin: 20
    m_AngleError: 8
    m_AreaError: 15
  m_PreserveMeshAssetOnDestroy: 0
  assetGuid: 
  m_IsSelectable: 1
  m_SelectedFaces: 03000000
  m_SelectedEdges:
  - a: 12
    b: 13
  - a: 14
    b: 12
  - a: 13
    b: 15
  - a: 15
    b: 14
  m_SelectedVertices: 0c0000000d0000000e0000000f000000
--- !u!64 &6368228527802230692
MeshCollider:
  m_ObjectHideFlags: 0
  m_CorrespondingSourceObject: {fileID: 0}
  m_PrefabInstance: {fileID: 0}
  m_PrefabAsset: {fileID: 0}
  m_GameObject: {fileID: 6368228527802230698}
  m_Material: {fileID: 0}
  m_IsTrigger: 0
  m_Enabled: 1
  serializedVersion: 3
  m_Convex: 0
  m_CookingOptions: 14
  m_Mesh: {fileID: 0}
--- !u!208 &6368228527802230693
NavMeshObstacle:
  m_ObjectHideFlags: 0
  m_CorrespondingSourceObject: {fileID: 0}
  m_PrefabInstance: {fileID: 0}
  m_PrefabAsset: {fileID: 0}
  m_GameObject: {fileID: 6368228527802230698}
  m_Enabled: 1
  serializedVersion: 3
  m_Shape: 1
  m_Extents: {x: 1, y: 1.5000001, z: 0.125}
  m_MoveThreshold: 0.1
  m_Carve: 0
  m_CarveOnlyStationary: 1
  m_Center: {x: 9, y: 1.5000001, z: -0.125}
  m_TimeToStationary: 0.5
--- !u!1 &6368228528124568859
GameObject:
  m_ObjectHideFlags: 0
  m_CorrespondingSourceObject: {fileID: 0}
  m_PrefabInstance: {fileID: 0}
  m_PrefabAsset: {fileID: 0}
  serializedVersion: 6
  m_Component:
  - component: {fileID: 6368228528124568833}
  - component: {fileID: 6368228528124568832}
  - component: {fileID: 6368228528124568863}
  - component: {fileID: 6368228528124568862}
  - component: {fileID: 6368228528124568861}
  - component: {fileID: 6368228528124568860}
  m_Layer: 0
  m_Name: WallCorner(1)
  m_TagString: Untagged
  m_Icon: {fileID: 0}
  m_NavMeshLayer: 0
  m_StaticEditorFlags: 4294967295
  m_IsActive: 1
--- !u!4 &6368228528124568833
Transform:
  m_ObjectHideFlags: 0
  m_CorrespondingSourceObject: {fileID: 0}
  m_PrefabInstance: {fileID: 0}
  m_PrefabAsset: {fileID: 0}
  m_GameObject: {fileID: 6368228528124568859}
  m_LocalRotation: {x: -0, y: 0.7071068, z: -0, w: 0.7071068}
  m_LocalPosition: {x: 15.500001, y: 0, z: 3}
  m_LocalScale: {x: 1, y: 1, z: 1}
  m_Children: []
  m_Father: {fileID: 242338570780613965}
  m_RootOrder: 1
  m_LocalEulerAnglesHint: {x: 0, y: 90, z: 0}
--- !u!33 &6368228528124568832
MeshFilter:
  m_ObjectHideFlags: 0
  m_CorrespondingSourceObject: {fileID: 0}
  m_PrefabInstance: {fileID: 0}
  m_PrefabAsset: {fileID: 0}
  m_GameObject: {fileID: 6368228528124568859}
  m_Mesh: {fileID: 0}
--- !u!23 &6368228528124568863
MeshRenderer:
  m_ObjectHideFlags: 0
  m_CorrespondingSourceObject: {fileID: 0}
  m_PrefabInstance: {fileID: 0}
  m_PrefabAsset: {fileID: 0}
  m_GameObject: {fileID: 6368228528124568859}
  m_Enabled: 1
  m_CastShadows: 1
  m_ReceiveShadows: 1
  m_DynamicOccludee: 1
  m_MotionVectors: 1
  m_LightProbeUsage: 1
  m_ReflectionProbeUsage: 1
  m_RenderingLayerMask: 1
  m_RendererPriority: 0
  m_Materials:
  - {fileID: 2100000, guid: 0bf93fe055180334d98f6be6a553a278, type: 2}
  m_StaticBatchInfo:
    firstSubMesh: 0
    subMeshCount: 0
  m_StaticBatchRoot: {fileID: 0}
  m_ProbeAnchor: {fileID: 0}
  m_LightProbeVolumeOverride: {fileID: 0}
  m_ScaleInLightmap: 1
  m_PreserveUVs: 0
  m_IgnoreNormalsForChartDetection: 0
  m_ImportantGI: 0
  m_StitchLightmapSeams: 1
  m_SelectedEditorRenderState: 2
  m_MinimumChartSize: 4
  m_AutoUVMaxDistance: 0.5
  m_AutoUVMaxAngle: 89
  m_LightmapParameters: {fileID: 0}
  m_SortingLayerID: 0
  m_SortingLayer: 0
  m_SortingOrder: 0
--- !u!114 &6368228528124568862
MonoBehaviour:
  m_ObjectHideFlags: 0
  m_CorrespondingSourceObject: {fileID: 0}
  m_PrefabInstance: {fileID: 0}
  m_PrefabAsset: {fileID: 0}
  m_GameObject: {fileID: 6368228528124568859}
  m_Enabled: 1
  m_EditorHideFlags: 0
  m_Script: {fileID: 11500000, guid: 8233d90336aea43098adf6dbabd606a2, type: 3}
  m_Name: 
  m_EditorClassIdentifier: 
  m_MeshFormatVersion: 1
  m_Faces:
  - m_Indexes: 000000000100000002000000010000000300000002000000
    m_SmoothingGroup: 0
    m_Uv:
      m_UseWorldSpace: 0
      m_FlipU: 0
      m_FlipV: 0
      m_SwapUV: 0
      m_Fill: 1
      m_Scale: {x: 1, y: 1}
      m_Offset: {x: 0, y: 0}
      m_Rotation: 0
      m_Anchor: 9
    m_Material: {fileID: 0}
    m_SubmeshIndex: 0
    m_ManualUV: 0
    elementGroup: -1
    m_TextureGroup: -1
  - m_Indexes: 040000000500000006000000050000000700000006000000
    m_SmoothingGroup: 0
    m_Uv:
      m_UseWorldSpace: 0
      m_FlipU: 0
      m_FlipV: 0
      m_SwapUV: 0
      m_Fill: 1
      m_Scale: {x: 1, y: 1}
      m_Offset: {x: 0, y: 0}
      m_Rotation: 0
      m_Anchor: 9
    m_Material: {fileID: 0}
    m_SubmeshIndex: 0
    m_ManualUV: 0
    elementGroup: -1
    m_TextureGroup: -1
  - m_Indexes: 08000000090000000a000000090000000b0000000a000000
    m_SmoothingGroup: 0
    m_Uv:
      m_UseWorldSpace: 0
      m_FlipU: 0
      m_FlipV: 0
      m_SwapUV: 0
      m_Fill: 1
      m_Scale: {x: 1, y: 1}
      m_Offset: {x: 0, y: 0}
      m_Rotation: 0
      m_Anchor: 9
    m_Material: {fileID: 0}
    m_SubmeshIndex: 0
    m_ManualUV: 0
    elementGroup: -1
    m_TextureGroup: -1
  - m_Indexes: 0c0000000d0000000e0000000d0000000f0000000e000000
    m_SmoothingGroup: 0
    m_Uv:
      m_UseWorldSpace: 0
      m_FlipU: 0
      m_FlipV: 0
      m_SwapUV: 0
      m_Fill: 1
      m_Scale: {x: 1, y: 1}
      m_Offset: {x: 0, y: 0}
      m_Rotation: 0
      m_Anchor: 9
    m_Material: {fileID: 0}
    m_SubmeshIndex: 0
    m_ManualUV: 0
    elementGroup: -1
    m_TextureGroup: -1
  - m_Indexes: 100000001100000012000000110000001300000012000000
    m_SmoothingGroup: 0
    m_Uv:
      m_UseWorldSpace: 0
      m_FlipU: 0
      m_FlipV: 0
      m_SwapUV: 0
      m_Fill: 1
      m_Scale: {x: 1, y: 1}
      m_Offset: {x: 0, y: 0}
      m_Rotation: 0
      m_Anchor: 9
    m_Material: {fileID: 0}
    m_SubmeshIndex: 0
    m_ManualUV: 0
    elementGroup: -1
    m_TextureGroup: -1
  - m_Indexes: 140000001500000016000000150000001700000016000000
    m_SmoothingGroup: 0
    m_Uv:
      m_UseWorldSpace: 0
      m_FlipU: 0
      m_FlipV: 0
      m_SwapUV: 0
      m_Fill: 1
      m_Scale: {x: 1, y: 1}
      m_Offset: {x: 0, y: 0}
      m_Rotation: 0
      m_Anchor: 9
    m_Material: {fileID: 0}
    m_SubmeshIndex: 0
    m_ManualUV: 0
    elementGroup: -1
    m_TextureGroup: -1
  m_SharedVertices:
  - m_Vertices: 000000000d00000016000000
  - m_Vertices: 010000000400000017000000
  - m_Vertices: 020000000f00000010000000
  - m_Vertices: 030000000600000011000000
  - m_Vertices: 050000000800000015000000
  - m_Vertices: 070000000a00000013000000
  - m_Vertices: 090000000c00000014000000
  - m_Vertices: 0b0000000e00000012000000
  m_SharedTextures: []
  m_Positions:
  - {x: 8, y: 0, z: 0.0000009536743}
  - {x: 10, y: 0, z: 0}
  - {x: 8, y: 3, z: 0.0000012218952}
  - {x: 10, y: 3, z: 0.000000029802322}
  - {x: 10, y: 0, z: 0}
  - {x: 10, y: 0, z: -0.25}
  - {x: 10, y: 3, z: 0.000000029802322}
  - {x: 10, y: 3, z: -0.25}
  - {x: 10, y: 0, z: -0.25}
  - {x: 8, y: 0, z: -0.24999906}
  - {x: 10, y: 3, z: -0.25}
  - {x: 8, y: 3, z: -0.24999882}
  - {x: 8, y: 0, z: -0.24999906}
  - {x: 8, y: 0, z: 0.0000009536743}
  - {x: 8, y: 3, z: -0.24999882}
  - {x: 8, y: 3, z: 0.0000012218952}
  - {x: 8, y: 3, z: 0.0000012218952}
  - {x: 10, y: 3, z: 0.000000029802322}
  - {x: 8, y: 3, z: -0.24999882}
  - {x: 10, y: 3, z: -0.25}
  - {x: 8, y: 0, z: -0.24999906}
  - {x: 10, y: 0, z: -0.25}
  - {x: 8, y: 0, z: 0.0000009536743}
  - {x: 10, y: 0, z: 0}
  m_Textures0:
  - {x: -8, y: 4.2632564e-13}
  - {x: -10, y: 4.2632564e-13}
  - {x: -8, y: 3}
  - {x: -10, y: 3}
  - {x: 0, y: 0}
  - {x: -0.25, y: 0}
  - {x: 0.000000029802322, y: 3}
  - {x: -0.25, y: 3}
  - {x: 10, y: 0}
  - {x: 8, y: 0}
  - {x: 10, y: 3}
  - {x: 8, y: 3}
  - {x: 0.24999906, y: 0}
  - {x: -0.0000009536743, y: 0}
  - {x: 0.24999882, y: 3}
  - {x: -0.0000012218952, y: 3}
  - {x: 8, y: 0.0000012218952}
  - {x: 10, y: 0.000000029802322}
  - {x: 8, y: -0.24999882}
  - {x: 10, y: -0.25}
  - {x: -8, y: -0.24999906}
  - {x: -10, y: -0.25}
  - {x: -8, y: 0.0000009536743}
  - {x: -10, y: 0}
  m_Textures2: []
  m_Textures3: []
  m_Tangents:
  - {x: -1, y: 0, z: 0.00000047683716, w: -1}
  - {x: -1, y: 0, z: 0.0000005364418, w: -1}
  - {x: -1, y: 0, z: 0.0000005364418, w: -1}
  - {x: -1, y: 0, z: 0.00000059604645, w: -1}
  - {x: 0, y: 0, z: 1, w: -1}
  - {x: 0, y: 0, z: 1, w: -1}
  - {x: 0, y: 0, z: 1, w: -1}
  - {x: 0, y: 0, z: 1, w: -1}
  - {x: 1, y: 0, z: -0.00000046938658, w: -1}
  - {x: 1, y: 0, z: -0.0000005289912, w: -1}
  - {x: 1, y: 0, z: -0.0000005289912, w: -1}
  - {x: 1, y: 0, z: -0.00000058859587, w: -1}
  - {x: 0, y: 0, z: -1, w: -1}
  - {x: 0, y: 0, z: -1, w: -1}
  - {x: 0, y: 0, z: -1, w: -1}
  - {x: 0, y: 0, z: -1, w: -1}
  - {x: 1, y: 0, z: 0, w: -1}
  - {x: 1, y: 0, z: 0, w: -1}
  - {x: 1, y: 0, z: 0, w: -1}
  - {x: 1, y: 0, z: 0, w: -1}
  - {x: -1, y: 0, z: 0, w: -1}
  - {x: -1, y: 0, z: 0, w: -1}
  - {x: -1, y: 0, z: 0, w: -1}
  - {x: -1, y: 0, z: 0, w: -1}
  m_Colors: []
  m_UnwrapParameters:
    m_HardAngle: 88
    m_PackMargin: 20
    m_AngleError: 8
    m_AreaError: 15
  m_PreserveMeshAssetOnDestroy: 0
  assetGuid: 
  m_IsSelectable: 1
  m_SelectedFaces: 03000000
  m_SelectedEdges:
  - a: 12
    b: 13
  - a: 14
    b: 12
  - a: 13
    b: 15
  - a: 15
    b: 14
  m_SelectedVertices: 0c0000000d0000000e0000000f000000
--- !u!64 &6368228528124568861
MeshCollider:
  m_ObjectHideFlags: 0
  m_CorrespondingSourceObject: {fileID: 0}
  m_PrefabInstance: {fileID: 0}
  m_PrefabAsset: {fileID: 0}
  m_GameObject: {fileID: 6368228528124568859}
  m_Material: {fileID: 0}
  m_IsTrigger: 0
  m_Enabled: 1
  serializedVersion: 3
  m_Convex: 0
  m_CookingOptions: 14
  m_Mesh: {fileID: 0}
--- !u!208 &6368228528124568860
NavMeshObstacle:
  m_ObjectHideFlags: 0
  m_CorrespondingSourceObject: {fileID: 0}
  m_PrefabInstance: {fileID: 0}
  m_PrefabAsset: {fileID: 0}
  m_GameObject: {fileID: 6368228528124568859}
  m_Enabled: 1
  serializedVersion: 3
  m_Shape: 1
  m_Extents: {x: 1, y: 1.5000001, z: 0.125}
  m_MoveThreshold: 0.1
  m_Carve: 0
  m_CarveOnlyStationary: 1
  m_Center: {x: 9, y: 1.5000001, z: -0.125}
  m_TimeToStationary: 0.5
--- !u!1 &6368228528364129768
GameObject:
  m_ObjectHideFlags: 0
  m_CorrespondingSourceObject: {fileID: 0}
  m_PrefabInstance: {fileID: 0}
  m_PrefabAsset: {fileID: 0}
  serializedVersion: 6
  m_Component:
  - component: {fileID: 6368228528364129762}
  - component: {fileID: 6368228528364129763}
  - component: {fileID: 6368228528364129764}
  - component: {fileID: 6368228528364129765}
  - component: {fileID: 6368228528364129766}
  - component: {fileID: 6368228528364129767}
  m_Layer: 0
  m_Name: WallCorner
  m_TagString: Untagged
  m_Icon: {fileID: 0}
  m_NavMeshLayer: 0
  m_StaticEditorFlags: 4294967295
  m_IsActive: 1
--- !u!4 &6368228528364129762
Transform:
  m_ObjectHideFlags: 0
  m_CorrespondingSourceObject: {fileID: 0}
  m_PrefabInstance: {fileID: 0}
  m_PrefabAsset: {fileID: 0}
  m_GameObject: {fileID: 6368228528364129768}
  m_LocalRotation: {x: -0, y: -0, z: -0, w: 1}
  m_LocalPosition: {x: 5.000001, y: 0, z: 5.5000014}
  m_LocalScale: {x: 1, y: 1, z: 1}
  m_Children: []
  m_Father: {fileID: 242338569030389826}
  m_RootOrder: 0
  m_LocalEulerAnglesHint: {x: 0, y: 0, z: 0}
--- !u!33 &6368228528364129763
MeshFilter:
  m_ObjectHideFlags: 0
  m_CorrespondingSourceObject: {fileID: 0}
  m_PrefabInstance: {fileID: 0}
  m_PrefabAsset: {fileID: 0}
  m_GameObject: {fileID: 6368228528364129768}
  m_Mesh: {fileID: 0}
--- !u!23 &6368228528364129764
MeshRenderer:
  m_ObjectHideFlags: 0
  m_CorrespondingSourceObject: {fileID: 0}
  m_PrefabInstance: {fileID: 0}
  m_PrefabAsset: {fileID: 0}
  m_GameObject: {fileID: 6368228528364129768}
  m_Enabled: 1
  m_CastShadows: 1
  m_ReceiveShadows: 1
  m_DynamicOccludee: 1
  m_MotionVectors: 1
  m_LightProbeUsage: 1
  m_ReflectionProbeUsage: 1
  m_RenderingLayerMask: 1
  m_RendererPriority: 0
  m_Materials:
  - {fileID: 2100000, guid: 0bf93fe055180334d98f6be6a553a278, type: 2}
  m_StaticBatchInfo:
    firstSubMesh: 0
    subMeshCount: 0
  m_StaticBatchRoot: {fileID: 0}
  m_ProbeAnchor: {fileID: 0}
  m_LightProbeVolumeOverride: {fileID: 0}
  m_ScaleInLightmap: 1
  m_PreserveUVs: 0
  m_IgnoreNormalsForChartDetection: 0
  m_ImportantGI: 0
  m_StitchLightmapSeams: 1
  m_SelectedEditorRenderState: 2
  m_MinimumChartSize: 4
  m_AutoUVMaxDistance: 0.5
  m_AutoUVMaxAngle: 89
  m_LightmapParameters: {fileID: 0}
  m_SortingLayerID: 0
  m_SortingLayer: 0
  m_SortingOrder: 0
--- !u!114 &6368228528364129765
MonoBehaviour:
  m_ObjectHideFlags: 0
  m_CorrespondingSourceObject: {fileID: 0}
  m_PrefabInstance: {fileID: 0}
  m_PrefabAsset: {fileID: 0}
  m_GameObject: {fileID: 6368228528364129768}
  m_Enabled: 1
  m_EditorHideFlags: 0
  m_Script: {fileID: 11500000, guid: 8233d90336aea43098adf6dbabd606a2, type: 3}
  m_Name: 
  m_EditorClassIdentifier: 
  m_MeshFormatVersion: 1
  m_Faces:
  - m_Indexes: 000000000100000002000000010000000300000002000000
    m_SmoothingGroup: 0
    m_Uv:
      m_UseWorldSpace: 0
      m_FlipU: 0
      m_FlipV: 0
      m_SwapUV: 0
      m_Fill: 1
      m_Scale: {x: 1, y: 1}
      m_Offset: {x: 0, y: 0}
      m_Rotation: 0
      m_Anchor: 9
    m_Material: {fileID: 0}
    m_SubmeshIndex: 0
    m_ManualUV: 0
    elementGroup: -1
    m_TextureGroup: -1
  - m_Indexes: 040000000500000006000000050000000700000006000000
    m_SmoothingGroup: 0
    m_Uv:
      m_UseWorldSpace: 0
      m_FlipU: 0
      m_FlipV: 0
      m_SwapUV: 0
      m_Fill: 1
      m_Scale: {x: 1, y: 1}
      m_Offset: {x: 0, y: 0}
      m_Rotation: 0
      m_Anchor: 9
    m_Material: {fileID: 0}
    m_SubmeshIndex: 0
    m_ManualUV: 0
    elementGroup: -1
    m_TextureGroup: -1
  - m_Indexes: 08000000090000000a000000090000000b0000000a000000
    m_SmoothingGroup: 0
    m_Uv:
      m_UseWorldSpace: 0
      m_FlipU: 0
      m_FlipV: 0
      m_SwapUV: 0
      m_Fill: 1
      m_Scale: {x: 1, y: 1}
      m_Offset: {x: 0, y: 0}
      m_Rotation: 0
      m_Anchor: 9
    m_Material: {fileID: 0}
    m_SubmeshIndex: 0
    m_ManualUV: 0
    elementGroup: -1
    m_TextureGroup: -1
  - m_Indexes: 0c0000000d0000000e0000000d0000000f0000000e000000
    m_SmoothingGroup: 0
    m_Uv:
      m_UseWorldSpace: 0
      m_FlipU: 0
      m_FlipV: 0
      m_SwapUV: 0
      m_Fill: 1
      m_Scale: {x: 1, y: 1}
      m_Offset: {x: 0, y: 0}
      m_Rotation: 0
      m_Anchor: 9
    m_Material: {fileID: 0}
    m_SubmeshIndex: 0
    m_ManualUV: 0
    elementGroup: -1
    m_TextureGroup: -1
  - m_Indexes: 100000001100000012000000110000001300000012000000
    m_SmoothingGroup: 0
    m_Uv:
      m_UseWorldSpace: 0
      m_FlipU: 0
      m_FlipV: 0
      m_SwapUV: 0
      m_Fill: 1
      m_Scale: {x: 1, y: 1}
      m_Offset: {x: 0, y: 0}
      m_Rotation: 0
      m_Anchor: 9
    m_Material: {fileID: 0}
    m_SubmeshIndex: 0
    m_ManualUV: 0
    elementGroup: -1
    m_TextureGroup: -1
  - m_Indexes: 140000001500000016000000150000001700000016000000
    m_SmoothingGroup: 0
    m_Uv:
      m_UseWorldSpace: 0
      m_FlipU: 0
      m_FlipV: 0
      m_SwapUV: 0
      m_Fill: 1
      m_Scale: {x: 1, y: 1}
      m_Offset: {x: 0, y: 0}
      m_Rotation: 0
      m_Anchor: 9
    m_Material: {fileID: 0}
    m_SubmeshIndex: 0
    m_ManualUV: 0
    elementGroup: -1
    m_TextureGroup: -1
  m_SharedVertices:
  - m_Vertices: 000000000d00000016000000
  - m_Vertices: 010000000400000017000000
  - m_Vertices: 020000000f00000010000000
  - m_Vertices: 030000000600000011000000
  - m_Vertices: 050000000800000015000000
  - m_Vertices: 070000000a00000013000000
  - m_Vertices: 090000000c00000014000000
  - m_Vertices: 0b0000000e00000012000000
  m_SharedTextures: []
  m_Positions:
  - {x: 8, y: 0, z: 0.0000009536743}
  - {x: 10, y: 0, z: 0}
  - {x: 8, y: 3, z: 0.0000012218952}
  - {x: 10, y: 3, z: 0.000000029802322}
  - {x: 10, y: 0, z: 0}
  - {x: 10, y: 0, z: -0.25}
  - {x: 10, y: 3, z: 0.000000029802322}
  - {x: 10, y: 3, z: -0.25}
  - {x: 10, y: 0, z: -0.25}
  - {x: 8, y: 0, z: -0.24999906}
  - {x: 10, y: 3, z: -0.25}
  - {x: 8, y: 3, z: -0.24999882}
  - {x: 8, y: 0, z: -0.24999906}
  - {x: 8, y: 0, z: 0.0000009536743}
  - {x: 8, y: 3, z: -0.24999882}
  - {x: 8, y: 3, z: 0.0000012218952}
  - {x: 8, y: 3, z: 0.0000012218952}
  - {x: 10, y: 3, z: 0.000000029802322}
  - {x: 8, y: 3, z: -0.24999882}
  - {x: 10, y: 3, z: -0.25}
  - {x: 8, y: 0, z: -0.24999906}
  - {x: 10, y: 0, z: -0.25}
  - {x: 8, y: 0, z: 0.0000009536743}
  - {x: 10, y: 0, z: 0}
  m_Textures0:
  - {x: -8, y: 4.2632564e-13}
  - {x: -10, y: 4.2632564e-13}
  - {x: -8, y: 3}
  - {x: -10, y: 3}
  - {x: 0, y: 0}
  - {x: -0.25, y: 0}
  - {x: 0.000000029802322, y: 3}
  - {x: -0.25, y: 3}
  - {x: 10, y: 0}
  - {x: 8, y: 0}
  - {x: 10, y: 3}
  - {x: 8, y: 3}
  - {x: 0.24999906, y: 0}
  - {x: -0.0000009536743, y: 0}
  - {x: 0.24999882, y: 3}
  - {x: -0.0000012218952, y: 3}
  - {x: 8, y: 0.0000012218952}
  - {x: 10, y: 0.000000029802322}
  - {x: 8, y: -0.24999882}
  - {x: 10, y: -0.25}
  - {x: -8, y: -0.24999906}
  - {x: -10, y: -0.25}
  - {x: -8, y: 0.0000009536743}
  - {x: -10, y: 0}
  m_Textures2: []
  m_Textures3: []
  m_Tangents:
  - {x: -1, y: 0, z: 0.00000047683716, w: -1}
  - {x: -1, y: 0, z: 0.0000005364418, w: -1}
  - {x: -1, y: 0, z: 0.0000005364418, w: -1}
  - {x: -1, y: 0, z: 0.00000059604645, w: -1}
  - {x: 0, y: 0, z: 1, w: -1}
  - {x: 0, y: 0, z: 1, w: -1}
  - {x: 0, y: 0, z: 1, w: -1}
  - {x: 0, y: 0, z: 1, w: -1}
  - {x: 1, y: 0, z: -0.00000046938658, w: -1}
  - {x: 1, y: 0, z: -0.0000005289912, w: -1}
  - {x: 1, y: 0, z: -0.0000005289912, w: -1}
  - {x: 1, y: 0, z: -0.00000058859587, w: -1}
  - {x: 0, y: 0, z: -1, w: -1}
  - {x: 0, y: 0, z: -1, w: -1}
  - {x: 0, y: 0, z: -1, w: -1}
  - {x: 0, y: 0, z: -1, w: -1}
  - {x: 1, y: 0, z: 0, w: -1}
  - {x: 1, y: 0, z: 0, w: -1}
  - {x: 1, y: 0, z: 0, w: -1}
  - {x: 1, y: 0, z: 0, w: -1}
  - {x: -1, y: 0, z: 0, w: -1}
  - {x: -1, y: 0, z: 0, w: -1}
  - {x: -1, y: 0, z: 0, w: -1}
  - {x: -1, y: 0, z: 0, w: -1}
  m_Colors: []
  m_UnwrapParameters:
    m_HardAngle: 88
    m_PackMargin: 20
    m_AngleError: 8
    m_AreaError: 15
  m_PreserveMeshAssetOnDestroy: 0
  assetGuid: 
  m_IsSelectable: 1
  m_SelectedFaces: 03000000
  m_SelectedEdges:
  - a: 12
    b: 13
  - a: 14
    b: 12
  - a: 13
    b: 15
  - a: 15
    b: 14
  m_SelectedVertices: 0c0000000d0000000e0000000f000000
--- !u!64 &6368228528364129766
MeshCollider:
  m_ObjectHideFlags: 0
  m_CorrespondingSourceObject: {fileID: 0}
  m_PrefabInstance: {fileID: 0}
  m_PrefabAsset: {fileID: 0}
  m_GameObject: {fileID: 6368228528364129768}
  m_Material: {fileID: 0}
  m_IsTrigger: 0
  m_Enabled: 1
  serializedVersion: 3
  m_Convex: 0
  m_CookingOptions: 14
  m_Mesh: {fileID: 0}
--- !u!208 &6368228528364129767
NavMeshObstacle:
  m_ObjectHideFlags: 0
  m_CorrespondingSourceObject: {fileID: 0}
  m_PrefabInstance: {fileID: 0}
  m_PrefabAsset: {fileID: 0}
  m_GameObject: {fileID: 6368228528364129768}
  m_Enabled: 1
  serializedVersion: 3
  m_Shape: 1
  m_Extents: {x: 1, y: 1.5000001, z: 0.125}
  m_MoveThreshold: 0.1
  m_Carve: 0
  m_CarveOnlyStationary: 1
  m_Center: {x: 9, y: 1.5000001, z: -0.125}
  m_TimeToStationary: 0.5
--- !u!1 &6368228528805144596
GameObject:
  m_ObjectHideFlags: 0
  m_CorrespondingSourceObject: {fileID: 0}
  m_PrefabInstance: {fileID: 0}
  m_PrefabAsset: {fileID: 0}
  serializedVersion: 6
  m_Component:
  - component: {fileID: 6368228528805144590}
  - component: {fileID: 6368228528805144591}
  - component: {fileID: 6368228528805144592}
  - component: {fileID: 6368228528805144593}
  - component: {fileID: 6368228528805144594}
  - component: {fileID: 6368228528805144595}
  m_Layer: 0
  m_Name: WallCorner(1)
  m_TagString: Untagged
  m_Icon: {fileID: 0}
  m_NavMeshLayer: 0
  m_StaticEditorFlags: 4294967295
  m_IsActive: 1
--- !u!4 &6368228528805144590
Transform:
  m_ObjectHideFlags: 0
  m_CorrespondingSourceObject: {fileID: 0}
  m_PrefabInstance: {fileID: 0}
  m_PrefabAsset: {fileID: 0}
  m_GameObject: {fileID: 6368228528805144596}
  m_LocalRotation: {x: -0, y: 0.7071068, z: -0, w: 0.7071068}
  m_LocalPosition: {x: 15.250004, y: 0, z: 13.250006}
  m_LocalScale: {x: 1, y: 1, z: 1}
  m_Children: []
  m_Father: {fileID: 242338569030389826}
  m_RootOrder: 1
  m_LocalEulerAnglesHint: {x: 0, y: 90, z: 0}
--- !u!33 &6368228528805144591
MeshFilter:
  m_ObjectHideFlags: 0
  m_CorrespondingSourceObject: {fileID: 0}
  m_PrefabInstance: {fileID: 0}
  m_PrefabAsset: {fileID: 0}
  m_GameObject: {fileID: 6368228528805144596}
  m_Mesh: {fileID: 0}
--- !u!23 &6368228528805144592
MeshRenderer:
  m_ObjectHideFlags: 0
  m_CorrespondingSourceObject: {fileID: 0}
  m_PrefabInstance: {fileID: 0}
  m_PrefabAsset: {fileID: 0}
  m_GameObject: {fileID: 6368228528805144596}
  m_Enabled: 1
  m_CastShadows: 1
  m_ReceiveShadows: 1
  m_DynamicOccludee: 1
  m_MotionVectors: 1
  m_LightProbeUsage: 1
  m_ReflectionProbeUsage: 1
  m_RenderingLayerMask: 1
  m_RendererPriority: 0
  m_Materials:
  - {fileID: 2100000, guid: 0bf93fe055180334d98f6be6a553a278, type: 2}
  m_StaticBatchInfo:
    firstSubMesh: 0
    subMeshCount: 0
  m_StaticBatchRoot: {fileID: 0}
  m_ProbeAnchor: {fileID: 0}
  m_LightProbeVolumeOverride: {fileID: 0}
  m_ScaleInLightmap: 1
  m_PreserveUVs: 0
  m_IgnoreNormalsForChartDetection: 0
  m_ImportantGI: 0
  m_StitchLightmapSeams: 1
  m_SelectedEditorRenderState: 2
  m_MinimumChartSize: 4
  m_AutoUVMaxDistance: 0.5
  m_AutoUVMaxAngle: 89
  m_LightmapParameters: {fileID: 0}
  m_SortingLayerID: 0
  m_SortingLayer: 0
  m_SortingOrder: 0
--- !u!114 &6368228528805144593
MonoBehaviour:
  m_ObjectHideFlags: 0
  m_CorrespondingSourceObject: {fileID: 0}
  m_PrefabInstance: {fileID: 0}
  m_PrefabAsset: {fileID: 0}
  m_GameObject: {fileID: 6368228528805144596}
  m_Enabled: 1
  m_EditorHideFlags: 0
  m_Script: {fileID: 11500000, guid: 8233d90336aea43098adf6dbabd606a2, type: 3}
  m_Name: 
  m_EditorClassIdentifier: 
  m_MeshFormatVersion: 1
  m_Faces:
  - m_Indexes: 000000000100000002000000010000000300000002000000
    m_SmoothingGroup: 0
    m_Uv:
      m_UseWorldSpace: 0
      m_FlipU: 0
      m_FlipV: 0
      m_SwapUV: 0
      m_Fill: 1
      m_Scale: {x: 1, y: 1}
      m_Offset: {x: 0, y: 0}
      m_Rotation: 0
      m_Anchor: 9
    m_Material: {fileID: 0}
    m_SubmeshIndex: 0
    m_ManualUV: 0
    elementGroup: -1
    m_TextureGroup: -1
  - m_Indexes: 040000000500000006000000050000000700000006000000
    m_SmoothingGroup: 0
    m_Uv:
      m_UseWorldSpace: 0
      m_FlipU: 0
      m_FlipV: 0
      m_SwapUV: 0
      m_Fill: 1
      m_Scale: {x: 1, y: 1}
      m_Offset: {x: 0, y: 0}
      m_Rotation: 0
      m_Anchor: 9
    m_Material: {fileID: 0}
    m_SubmeshIndex: 0
    m_ManualUV: 0
    elementGroup: -1
    m_TextureGroup: -1
  - m_Indexes: 08000000090000000a000000090000000b0000000a000000
    m_SmoothingGroup: 0
    m_Uv:
      m_UseWorldSpace: 0
      m_FlipU: 0
      m_FlipV: 0
      m_SwapUV: 0
      m_Fill: 1
      m_Scale: {x: 1, y: 1}
      m_Offset: {x: 0, y: 0}
      m_Rotation: 0
      m_Anchor: 9
    m_Material: {fileID: 0}
    m_SubmeshIndex: 0
    m_ManualUV: 0
    elementGroup: -1
    m_TextureGroup: -1
  - m_Indexes: 0c0000000d0000000e0000000d0000000f0000000e000000
    m_SmoothingGroup: 0
    m_Uv:
      m_UseWorldSpace: 0
      m_FlipU: 0
      m_FlipV: 0
      m_SwapUV: 0
      m_Fill: 1
      m_Scale: {x: 1, y: 1}
      m_Offset: {x: 0, y: 0}
      m_Rotation: 0
      m_Anchor: 9
    m_Material: {fileID: 0}
    m_SubmeshIndex: 0
    m_ManualUV: 0
    elementGroup: -1
    m_TextureGroup: -1
  - m_Indexes: 100000001100000012000000110000001300000012000000
    m_SmoothingGroup: 0
    m_Uv:
      m_UseWorldSpace: 0
      m_FlipU: 0
      m_FlipV: 0
      m_SwapUV: 0
      m_Fill: 1
      m_Scale: {x: 1, y: 1}
      m_Offset: {x: 0, y: 0}
      m_Rotation: 0
      m_Anchor: 9
    m_Material: {fileID: 0}
    m_SubmeshIndex: 0
    m_ManualUV: 0
    elementGroup: -1
    m_TextureGroup: -1
  - m_Indexes: 140000001500000016000000150000001700000016000000
    m_SmoothingGroup: 0
    m_Uv:
      m_UseWorldSpace: 0
      m_FlipU: 0
      m_FlipV: 0
      m_SwapUV: 0
      m_Fill: 1
      m_Scale: {x: 1, y: 1}
      m_Offset: {x: 0, y: 0}
      m_Rotation: 0
      m_Anchor: 9
    m_Material: {fileID: 0}
    m_SubmeshIndex: 0
    m_ManualUV: 0
    elementGroup: -1
    m_TextureGroup: -1
  m_SharedVertices:
  - m_Vertices: 000000000d00000016000000
  - m_Vertices: 010000000400000017000000
  - m_Vertices: 020000000f00000010000000
  - m_Vertices: 030000000600000011000000
  - m_Vertices: 050000000800000015000000
  - m_Vertices: 070000000a00000013000000
  - m_Vertices: 090000000c00000014000000
  - m_Vertices: 0b0000000e00000012000000
  m_SharedTextures: []
  m_Positions:
  - {x: 8, y: 0, z: 0.0000009536743}
  - {x: 10, y: 0, z: 0}
  - {x: 8, y: 3, z: 0.0000012218952}
  - {x: 10, y: 3, z: 0.000000029802322}
  - {x: 10, y: 0, z: 0}
  - {x: 10, y: 0, z: -0.25}
  - {x: 10, y: 3, z: 0.000000029802322}
  - {x: 10, y: 3, z: -0.25}
  - {x: 10, y: 0, z: -0.25}
  - {x: 8, y: 0, z: -0.24999906}
  - {x: 10, y: 3, z: -0.25}
  - {x: 8, y: 3, z: -0.24999882}
  - {x: 8, y: 0, z: -0.24999906}
  - {x: 8, y: 0, z: 0.0000009536743}
  - {x: 8, y: 3, z: -0.24999882}
  - {x: 8, y: 3, z: 0.0000012218952}
  - {x: 8, y: 3, z: 0.0000012218952}
  - {x: 10, y: 3, z: 0.000000029802322}
  - {x: 8, y: 3, z: -0.24999882}
  - {x: 10, y: 3, z: -0.25}
  - {x: 8, y: 0, z: -0.24999906}
  - {x: 10, y: 0, z: -0.25}
  - {x: 8, y: 0, z: 0.0000009536743}
  - {x: 10, y: 0, z: 0}
  m_Textures0:
  - {x: -8, y: 4.2632564e-13}
  - {x: -10, y: 4.2632564e-13}
  - {x: -8, y: 3}
  - {x: -10, y: 3}
  - {x: 0, y: 0}
  - {x: -0.25, y: 0}
  - {x: 0.000000029802322, y: 3}
  - {x: -0.25, y: 3}
  - {x: 10, y: 0}
  - {x: 8, y: 0}
  - {x: 10, y: 3}
  - {x: 8, y: 3}
  - {x: 0.24999906, y: 0}
  - {x: -0.0000009536743, y: 0}
  - {x: 0.24999882, y: 3}
  - {x: -0.0000012218952, y: 3}
  - {x: 8, y: 0.0000012218952}
  - {x: 10, y: 0.000000029802322}
  - {x: 8, y: -0.24999882}
  - {x: 10, y: -0.25}
  - {x: -8, y: -0.24999906}
  - {x: -10, y: -0.25}
  - {x: -8, y: 0.0000009536743}
  - {x: -10, y: 0}
  m_Textures2: []
  m_Textures3: []
  m_Tangents:
  - {x: -1, y: 0, z: 0.00000047683716, w: -1}
  - {x: -1, y: 0, z: 0.0000005364418, w: -1}
  - {x: -1, y: 0, z: 0.0000005364418, w: -1}
  - {x: -1, y: 0, z: 0.00000059604645, w: -1}
  - {x: 0, y: 0, z: 1, w: -1}
  - {x: 0, y: 0, z: 1, w: -1}
  - {x: 0, y: 0, z: 1, w: -1}
  - {x: 0, y: 0, z: 1, w: -1}
  - {x: 1, y: 0, z: -0.00000046938658, w: -1}
  - {x: 1, y: 0, z: -0.0000005289912, w: -1}
  - {x: 1, y: 0, z: -0.0000005289912, w: -1}
  - {x: 1, y: 0, z: -0.00000058859587, w: -1}
  - {x: 0, y: 0, z: -1, w: -1}
  - {x: 0, y: 0, z: -1, w: -1}
  - {x: 0, y: 0, z: -1, w: -1}
  - {x: 0, y: 0, z: -1, w: -1}
  - {x: 1, y: 0, z: 0, w: -1}
  - {x: 1, y: 0, z: 0, w: -1}
  - {x: 1, y: 0, z: 0, w: -1}
  - {x: 1, y: 0, z: 0, w: -1}
  - {x: -1, y: 0, z: 0, w: -1}
  - {x: -1, y: 0, z: 0, w: -1}
  - {x: -1, y: 0, z: 0, w: -1}
  - {x: -1, y: 0, z: 0, w: -1}
  m_Colors: []
  m_UnwrapParameters:
    m_HardAngle: 88
    m_PackMargin: 20
    m_AngleError: 8
    m_AreaError: 15
  m_PreserveMeshAssetOnDestroy: 0
  assetGuid: 
  m_IsSelectable: 1
  m_SelectedFaces: 03000000
  m_SelectedEdges:
  - a: 12
    b: 13
  - a: 14
    b: 12
  - a: 13
    b: 15
  - a: 15
    b: 14
  m_SelectedVertices: 0c0000000d0000000e0000000f000000
--- !u!64 &6368228528805144594
MeshCollider:
  m_ObjectHideFlags: 0
  m_CorrespondingSourceObject: {fileID: 0}
  m_PrefabInstance: {fileID: 0}
  m_PrefabAsset: {fileID: 0}
  m_GameObject: {fileID: 6368228528805144596}
  m_Material: {fileID: 0}
  m_IsTrigger: 0
  m_Enabled: 1
  serializedVersion: 3
  m_Convex: 0
  m_CookingOptions: 14
  m_Mesh: {fileID: 0}
--- !u!208 &6368228528805144595
NavMeshObstacle:
  m_ObjectHideFlags: 0
  m_CorrespondingSourceObject: {fileID: 0}
  m_PrefabInstance: {fileID: 0}
  m_PrefabAsset: {fileID: 0}
  m_GameObject: {fileID: 6368228528805144596}
  m_Enabled: 1
  serializedVersion: 3
  m_Shape: 1
  m_Extents: {x: 1, y: 1.5000001, z: 0.125}
  m_MoveThreshold: 0.1
  m_Carve: 0
  m_CarveOnlyStationary: 1
  m_Center: {x: 9, y: 1.5000001, z: -0.125}
  m_TimeToStationary: 0.5
--- !u!1 &6368228529024844007
GameObject:
  m_ObjectHideFlags: 0
  m_CorrespondingSourceObject: {fileID: 0}
  m_PrefabInstance: {fileID: 0}
  m_PrefabAsset: {fileID: 0}
  serializedVersion: 6
  m_Component:
  - component: {fileID: 6368228529024844013}
  - component: {fileID: 6368228529024844012}
  - component: {fileID: 6368228529024844011}
  - component: {fileID: 6368228529024844010}
  - component: {fileID: 6368228529024844009}
  - component: {fileID: 6368228529024844008}
  m_Layer: 0
  m_Name: WallCorner
  m_TagString: Untagged
  m_Icon: {fileID: 0}
  m_NavMeshLayer: 0
  m_StaticEditorFlags: 4294967295
  m_IsActive: 1
--- !u!4 &6368228529024844013
Transform:
  m_ObjectHideFlags: 0
  m_CorrespondingSourceObject: {fileID: 0}
  m_PrefabInstance: {fileID: 0}
  m_PrefabAsset: {fileID: 0}
  m_GameObject: {fileID: 6368228529024844007}
  m_LocalRotation: {x: -0, y: -0, z: -0, w: 1}
  m_LocalPosition: {x: 5.250001, y: 0, z: -4.75}
  m_LocalScale: {x: 1, y: 1, z: 1}
  m_Children: []
  m_Father: {fileID: 242338570780613965}
  m_RootOrder: 0
  m_LocalEulerAnglesHint: {x: 0, y: 0, z: 0}
--- !u!33 &6368228529024844012
MeshFilter:
  m_ObjectHideFlags: 0
  m_CorrespondingSourceObject: {fileID: 0}
  m_PrefabInstance: {fileID: 0}
  m_PrefabAsset: {fileID: 0}
  m_GameObject: {fileID: 6368228529024844007}
  m_Mesh: {fileID: 0}
--- !u!23 &6368228529024844011
MeshRenderer:
  m_ObjectHideFlags: 0
  m_CorrespondingSourceObject: {fileID: 0}
  m_PrefabInstance: {fileID: 0}
  m_PrefabAsset: {fileID: 0}
  m_GameObject: {fileID: 6368228529024844007}
  m_Enabled: 1
  m_CastShadows: 1
  m_ReceiveShadows: 1
  m_DynamicOccludee: 1
  m_MotionVectors: 1
  m_LightProbeUsage: 1
  m_ReflectionProbeUsage: 1
  m_RenderingLayerMask: 1
  m_RendererPriority: 0
  m_Materials:
  - {fileID: 2100000, guid: 0bf93fe055180334d98f6be6a553a278, type: 2}
  m_StaticBatchInfo:
    firstSubMesh: 0
    subMeshCount: 0
  m_StaticBatchRoot: {fileID: 0}
  m_ProbeAnchor: {fileID: 0}
  m_LightProbeVolumeOverride: {fileID: 0}
  m_ScaleInLightmap: 1
  m_PreserveUVs: 0
  m_IgnoreNormalsForChartDetection: 0
  m_ImportantGI: 0
  m_StitchLightmapSeams: 1
  m_SelectedEditorRenderState: 2
  m_MinimumChartSize: 4
  m_AutoUVMaxDistance: 0.5
  m_AutoUVMaxAngle: 89
  m_LightmapParameters: {fileID: 0}
  m_SortingLayerID: 0
  m_SortingLayer: 0
  m_SortingOrder: 0
--- !u!114 &6368228529024844010
MonoBehaviour:
  m_ObjectHideFlags: 0
  m_CorrespondingSourceObject: {fileID: 0}
  m_PrefabInstance: {fileID: 0}
  m_PrefabAsset: {fileID: 0}
  m_GameObject: {fileID: 6368228529024844007}
  m_Enabled: 1
  m_EditorHideFlags: 0
  m_Script: {fileID: 11500000, guid: 8233d90336aea43098adf6dbabd606a2, type: 3}
  m_Name: 
  m_EditorClassIdentifier: 
  m_MeshFormatVersion: 1
  m_Faces:
  - m_Indexes: 000000000100000002000000010000000300000002000000
    m_SmoothingGroup: 0
    m_Uv:
      m_UseWorldSpace: 0
      m_FlipU: 0
      m_FlipV: 0
      m_SwapUV: 0
      m_Fill: 1
      m_Scale: {x: 1, y: 1}
      m_Offset: {x: 0, y: 0}
      m_Rotation: 0
      m_Anchor: 9
    m_Material: {fileID: 0}
    m_SubmeshIndex: 0
    m_ManualUV: 0
    elementGroup: -1
    m_TextureGroup: -1
  - m_Indexes: 040000000500000006000000050000000700000006000000
    m_SmoothingGroup: 0
    m_Uv:
      m_UseWorldSpace: 0
      m_FlipU: 0
      m_FlipV: 0
      m_SwapUV: 0
      m_Fill: 1
      m_Scale: {x: 1, y: 1}
      m_Offset: {x: 0, y: 0}
      m_Rotation: 0
      m_Anchor: 9
    m_Material: {fileID: 0}
    m_SubmeshIndex: 0
    m_ManualUV: 0
    elementGroup: -1
    m_TextureGroup: -1
  - m_Indexes: 08000000090000000a000000090000000b0000000a000000
    m_SmoothingGroup: 0
    m_Uv:
      m_UseWorldSpace: 0
      m_FlipU: 0
      m_FlipV: 0
      m_SwapUV: 0
      m_Fill: 1
      m_Scale: {x: 1, y: 1}
      m_Offset: {x: 0, y: 0}
      m_Rotation: 0
      m_Anchor: 9
    m_Material: {fileID: 0}
    m_SubmeshIndex: 0
    m_ManualUV: 0
    elementGroup: -1
    m_TextureGroup: -1
  - m_Indexes: 0c0000000d0000000e0000000d0000000f0000000e000000
    m_SmoothingGroup: 0
    m_Uv:
      m_UseWorldSpace: 0
      m_FlipU: 0
      m_FlipV: 0
      m_SwapUV: 0
      m_Fill: 1
      m_Scale: {x: 1, y: 1}
      m_Offset: {x: 0, y: 0}
      m_Rotation: 0
      m_Anchor: 9
    m_Material: {fileID: 0}
    m_SubmeshIndex: 0
    m_ManualUV: 0
    elementGroup: -1
    m_TextureGroup: -1
  - m_Indexes: 100000001100000012000000110000001300000012000000
    m_SmoothingGroup: 0
    m_Uv:
      m_UseWorldSpace: 0
      m_FlipU: 0
      m_FlipV: 0
      m_SwapUV: 0
      m_Fill: 1
      m_Scale: {x: 1, y: 1}
      m_Offset: {x: 0, y: 0}
      m_Rotation: 0
      m_Anchor: 9
    m_Material: {fileID: 0}
    m_SubmeshIndex: 0
    m_ManualUV: 0
    elementGroup: -1
    m_TextureGroup: -1
  - m_Indexes: 140000001500000016000000150000001700000016000000
    m_SmoothingGroup: 0
    m_Uv:
      m_UseWorldSpace: 0
      m_FlipU: 0
      m_FlipV: 0
      m_SwapUV: 0
      m_Fill: 1
      m_Scale: {x: 1, y: 1}
      m_Offset: {x: 0, y: 0}
      m_Rotation: 0
      m_Anchor: 9
    m_Material: {fileID: 0}
    m_SubmeshIndex: 0
    m_ManualUV: 0
    elementGroup: -1
    m_TextureGroup: -1
  m_SharedVertices:
  - m_Vertices: 000000000d00000016000000
  - m_Vertices: 010000000400000017000000
  - m_Vertices: 020000000f00000010000000
  - m_Vertices: 030000000600000011000000
  - m_Vertices: 050000000800000015000000
  - m_Vertices: 070000000a00000013000000
  - m_Vertices: 090000000c00000014000000
  - m_Vertices: 0b0000000e00000012000000
  m_SharedTextures: []
  m_Positions:
  - {x: 8, y: 0, z: 0.0000009536743}
  - {x: 10, y: 0, z: 0}
  - {x: 8, y: 3, z: 0.0000012218952}
  - {x: 10, y: 3, z: 0.000000029802322}
  - {x: 10, y: 0, z: 0}
  - {x: 10, y: 0, z: -0.25}
  - {x: 10, y: 3, z: 0.000000029802322}
  - {x: 10, y: 3, z: -0.25}
  - {x: 10, y: 0, z: -0.25}
  - {x: 8, y: 0, z: -0.24999906}
  - {x: 10, y: 3, z: -0.25}
  - {x: 8, y: 3, z: -0.24999882}
  - {x: 8, y: 0, z: -0.24999906}
  - {x: 8, y: 0, z: 0.0000009536743}
  - {x: 8, y: 3, z: -0.24999882}
  - {x: 8, y: 3, z: 0.0000012218952}
  - {x: 8, y: 3, z: 0.0000012218952}
  - {x: 10, y: 3, z: 0.000000029802322}
  - {x: 8, y: 3, z: -0.24999882}
  - {x: 10, y: 3, z: -0.25}
  - {x: 8, y: 0, z: -0.24999906}
  - {x: 10, y: 0, z: -0.25}
  - {x: 8, y: 0, z: 0.0000009536743}
  - {x: 10, y: 0, z: 0}
  m_Textures0:
  - {x: -8, y: 4.2632564e-13}
  - {x: -10, y: 4.2632564e-13}
  - {x: -8, y: 3}
  - {x: -10, y: 3}
  - {x: 0, y: 0}
  - {x: -0.25, y: 0}
  - {x: 0.000000029802322, y: 3}
  - {x: -0.25, y: 3}
  - {x: 10, y: 0}
  - {x: 8, y: 0}
  - {x: 10, y: 3}
  - {x: 8, y: 3}
  - {x: 0.24999906, y: 0}
  - {x: -0.0000009536743, y: 0}
  - {x: 0.24999882, y: 3}
  - {x: -0.0000012218952, y: 3}
  - {x: 8, y: 0.0000012218952}
  - {x: 10, y: 0.000000029802322}
  - {x: 8, y: -0.24999882}
  - {x: 10, y: -0.25}
  - {x: -8, y: -0.24999906}
  - {x: -10, y: -0.25}
  - {x: -8, y: 0.0000009536743}
  - {x: -10, y: 0}
  m_Textures2: []
  m_Textures3: []
  m_Tangents:
  - {x: -1, y: 0, z: 0.00000047683716, w: -1}
  - {x: -1, y: 0, z: 0.0000005364418, w: -1}
  - {x: -1, y: 0, z: 0.0000005364418, w: -1}
  - {x: -1, y: 0, z: 0.00000059604645, w: -1}
  - {x: 0, y: 0, z: 1, w: -1}
  - {x: 0, y: 0, z: 1, w: -1}
  - {x: 0, y: 0, z: 1, w: -1}
  - {x: 0, y: 0, z: 1, w: -1}
  - {x: 1, y: 0, z: -0.00000046938658, w: -1}
  - {x: 1, y: 0, z: -0.0000005289912, w: -1}
  - {x: 1, y: 0, z: -0.0000005289912, w: -1}
  - {x: 1, y: 0, z: -0.00000058859587, w: -1}
  - {x: 0, y: 0, z: -1, w: -1}
  - {x: 0, y: 0, z: -1, w: -1}
  - {x: 0, y: 0, z: -1, w: -1}
  - {x: 0, y: 0, z: -1, w: -1}
  - {x: 1, y: 0, z: 0, w: -1}
  - {x: 1, y: 0, z: 0, w: -1}
  - {x: 1, y: 0, z: 0, w: -1}
  - {x: 1, y: 0, z: 0, w: -1}
  - {x: -1, y: 0, z: 0, w: -1}
  - {x: -1, y: 0, z: 0, w: -1}
  - {x: -1, y: 0, z: 0, w: -1}
  - {x: -1, y: 0, z: 0, w: -1}
  m_Colors: []
  m_UnwrapParameters:
    m_HardAngle: 88
    m_PackMargin: 20
    m_AngleError: 8
    m_AreaError: 15
  m_PreserveMeshAssetOnDestroy: 0
  assetGuid: 
  m_IsSelectable: 1
  m_SelectedFaces: 03000000
  m_SelectedEdges:
  - a: 12
    b: 13
  - a: 14
    b: 12
  - a: 13
    b: 15
  - a: 15
    b: 14
  m_SelectedVertices: 0c0000000d0000000e0000000f000000
--- !u!64 &6368228529024844009
MeshCollider:
  m_ObjectHideFlags: 0
  m_CorrespondingSourceObject: {fileID: 0}
  m_PrefabInstance: {fileID: 0}
  m_PrefabAsset: {fileID: 0}
  m_GameObject: {fileID: 6368228529024844007}
  m_Material: {fileID: 0}
  m_IsTrigger: 0
  m_Enabled: 1
  serializedVersion: 3
  m_Convex: 0
  m_CookingOptions: 14
  m_Mesh: {fileID: 0}
--- !u!208 &6368228529024844008
NavMeshObstacle:
  m_ObjectHideFlags: 0
  m_CorrespondingSourceObject: {fileID: 0}
  m_PrefabInstance: {fileID: 0}
  m_PrefabAsset: {fileID: 0}
  m_GameObject: {fileID: 6368228529024844007}
  m_Enabled: 1
  serializedVersion: 3
  m_Shape: 1
  m_Extents: {x: 1, y: 1.5000001, z: 0.125}
  m_MoveThreshold: 0.1
  m_Carve: 0
  m_CarveOnlyStationary: 1
  m_Center: {x: 9, y: 1.5000001, z: -0.125}
  m_TimeToStationary: 0.5
--- !u!1 &6368228529317757526
GameObject:
  m_ObjectHideFlags: 0
  m_CorrespondingSourceObject: {fileID: 0}
  m_PrefabInstance: {fileID: 0}
  m_PrefabAsset: {fileID: 0}
  serializedVersion: 6
  m_Component:
  - component: {fileID: 6368228529317757516}
  - component: {fileID: 6368228529317757517}
  - component: {fileID: 6368228529317757522}
  - component: {fileID: 6368228529317757523}
  - component: {fileID: 6368228529317757520}
  - component: {fileID: 6368228529317757521}
  m_Layer: 0
  m_Name: WallCorner(1)
  m_TagString: Untagged
  m_Icon: {fileID: 0}
  m_NavMeshLayer: 0
  m_StaticEditorFlags: 4294967295
  m_IsActive: 1
--- !u!4 &6368228529317757516
Transform:
  m_ObjectHideFlags: 0
  m_CorrespondingSourceObject: {fileID: 0}
  m_PrefabInstance: {fileID: 0}
  m_PrefabAsset: {fileID: 0}
  m_GameObject: {fileID: 6368228529317757526}
  m_LocalRotation: {x: -0, y: 0.7071068, z: -0, w: 0.7071068}
  m_LocalPosition: {x: 5.250002, y: 0, z: 2.7499988}
  m_LocalScale: {x: 1, y: 1, z: 1}
  m_Children: []
  m_Father: {fileID: 242338569591519744}
  m_RootOrder: 0
  m_LocalEulerAnglesHint: {x: 0, y: 90, z: 0}
--- !u!33 &6368228529317757517
MeshFilter:
  m_ObjectHideFlags: 0
  m_CorrespondingSourceObject: {fileID: 0}
  m_PrefabInstance: {fileID: 0}
  m_PrefabAsset: {fileID: 0}
  m_GameObject: {fileID: 6368228529317757526}
  m_Mesh: {fileID: 0}
--- !u!23 &6368228529317757522
MeshRenderer:
  m_ObjectHideFlags: 0
  m_CorrespondingSourceObject: {fileID: 0}
  m_PrefabInstance: {fileID: 0}
  m_PrefabAsset: {fileID: 0}
  m_GameObject: {fileID: 6368228529317757526}
  m_Enabled: 1
  m_CastShadows: 1
  m_ReceiveShadows: 1
  m_DynamicOccludee: 1
  m_MotionVectors: 1
  m_LightProbeUsage: 1
  m_ReflectionProbeUsage: 1
  m_RenderingLayerMask: 1
  m_RendererPriority: 0
  m_Materials:
  - {fileID: 2100000, guid: 0bf93fe055180334d98f6be6a553a278, type: 2}
  m_StaticBatchInfo:
    firstSubMesh: 0
    subMeshCount: 0
  m_StaticBatchRoot: {fileID: 0}
  m_ProbeAnchor: {fileID: 0}
  m_LightProbeVolumeOverride: {fileID: 0}
  m_ScaleInLightmap: 1
  m_PreserveUVs: 0
  m_IgnoreNormalsForChartDetection: 0
  m_ImportantGI: 0
  m_StitchLightmapSeams: 1
  m_SelectedEditorRenderState: 2
  m_MinimumChartSize: 4
  m_AutoUVMaxDistance: 0.5
  m_AutoUVMaxAngle: 89
  m_LightmapParameters: {fileID: 0}
  m_SortingLayerID: 0
  m_SortingLayer: 0
  m_SortingOrder: 0
--- !u!114 &6368228529317757523
MonoBehaviour:
  m_ObjectHideFlags: 0
  m_CorrespondingSourceObject: {fileID: 0}
  m_PrefabInstance: {fileID: 0}
  m_PrefabAsset: {fileID: 0}
  m_GameObject: {fileID: 6368228529317757526}
  m_Enabled: 1
  m_EditorHideFlags: 0
  m_Script: {fileID: 11500000, guid: 8233d90336aea43098adf6dbabd606a2, type: 3}
  m_Name: 
  m_EditorClassIdentifier: 
  m_MeshFormatVersion: 1
  m_Faces:
  - m_Indexes: 000000000100000002000000010000000300000002000000
    m_SmoothingGroup: 0
    m_Uv:
      m_UseWorldSpace: 0
      m_FlipU: 0
      m_FlipV: 0
      m_SwapUV: 0
      m_Fill: 1
      m_Scale: {x: 1, y: 1}
      m_Offset: {x: 0, y: 0}
      m_Rotation: 0
      m_Anchor: 9
    m_Material: {fileID: 0}
    m_SubmeshIndex: 0
    m_ManualUV: 0
    elementGroup: -1
    m_TextureGroup: -1
  - m_Indexes: 040000000500000006000000050000000700000006000000
    m_SmoothingGroup: 0
    m_Uv:
      m_UseWorldSpace: 0
      m_FlipU: 0
      m_FlipV: 0
      m_SwapUV: 0
      m_Fill: 1
      m_Scale: {x: 1, y: 1}
      m_Offset: {x: 0, y: 0}
      m_Rotation: 0
      m_Anchor: 9
    m_Material: {fileID: 0}
    m_SubmeshIndex: 0
    m_ManualUV: 0
    elementGroup: -1
    m_TextureGroup: -1
  - m_Indexes: 08000000090000000a000000090000000b0000000a000000
    m_SmoothingGroup: 0
    m_Uv:
      m_UseWorldSpace: 0
      m_FlipU: 0
      m_FlipV: 0
      m_SwapUV: 0
      m_Fill: 1
      m_Scale: {x: 1, y: 1}
      m_Offset: {x: 0, y: 0}
      m_Rotation: 0
      m_Anchor: 9
    m_Material: {fileID: 0}
    m_SubmeshIndex: 0
    m_ManualUV: 0
    elementGroup: -1
    m_TextureGroup: -1
  - m_Indexes: 0c0000000d0000000e0000000d0000000f0000000e000000
    m_SmoothingGroup: 0
    m_Uv:
      m_UseWorldSpace: 0
      m_FlipU: 0
      m_FlipV: 0
      m_SwapUV: 0
      m_Fill: 1
      m_Scale: {x: 1, y: 1}
      m_Offset: {x: 0, y: 0}
      m_Rotation: 0
      m_Anchor: 9
    m_Material: {fileID: 0}
    m_SubmeshIndex: 0
    m_ManualUV: 0
    elementGroup: -1
    m_TextureGroup: -1
  - m_Indexes: 100000001100000012000000110000001300000012000000
    m_SmoothingGroup: 0
    m_Uv:
      m_UseWorldSpace: 0
      m_FlipU: 0
      m_FlipV: 0
      m_SwapUV: 0
      m_Fill: 1
      m_Scale: {x: 1, y: 1}
      m_Offset: {x: 0, y: 0}
      m_Rotation: 0
      m_Anchor: 9
    m_Material: {fileID: 0}
    m_SubmeshIndex: 0
    m_ManualUV: 0
    elementGroup: -1
    m_TextureGroup: -1
  - m_Indexes: 140000001500000016000000150000001700000016000000
    m_SmoothingGroup: 0
    m_Uv:
      m_UseWorldSpace: 0
      m_FlipU: 0
      m_FlipV: 0
      m_SwapUV: 0
      m_Fill: 1
      m_Scale: {x: 1, y: 1}
      m_Offset: {x: 0, y: 0}
      m_Rotation: 0
      m_Anchor: 9
    m_Material: {fileID: 0}
    m_SubmeshIndex: 0
    m_ManualUV: 0
    elementGroup: -1
    m_TextureGroup: -1
  m_SharedVertices:
  - m_Vertices: 000000000d00000016000000
  - m_Vertices: 010000000400000017000000
  - m_Vertices: 020000000f00000010000000
  - m_Vertices: 030000000600000011000000
  - m_Vertices: 050000000800000015000000
  - m_Vertices: 070000000a00000013000000
  - m_Vertices: 090000000c00000014000000
  - m_Vertices: 0b0000000e00000012000000
  m_SharedTextures: []
  m_Positions:
  - {x: 8, y: 0, z: 0.0000009536743}
  - {x: 10, y: 0, z: 0}
  - {x: 8, y: 3, z: 0.0000012218952}
  - {x: 10, y: 3, z: 0.000000029802322}
  - {x: 10, y: 0, z: 0}
  - {x: 10, y: 0, z: -0.25}
  - {x: 10, y: 3, z: 0.000000029802322}
  - {x: 10, y: 3, z: -0.25}
  - {x: 10, y: 0, z: -0.25}
  - {x: 8, y: 0, z: -0.24999906}
  - {x: 10, y: 3, z: -0.25}
  - {x: 8, y: 3, z: -0.24999882}
  - {x: 8, y: 0, z: -0.24999906}
  - {x: 8, y: 0, z: 0.0000009536743}
  - {x: 8, y: 3, z: -0.24999882}
  - {x: 8, y: 3, z: 0.0000012218952}
  - {x: 8, y: 3, z: 0.0000012218952}
  - {x: 10, y: 3, z: 0.000000029802322}
  - {x: 8, y: 3, z: -0.24999882}
  - {x: 10, y: 3, z: -0.25}
  - {x: 8, y: 0, z: -0.24999906}
  - {x: 10, y: 0, z: -0.25}
  - {x: 8, y: 0, z: 0.0000009536743}
  - {x: 10, y: 0, z: 0}
  m_Textures0:
  - {x: -8, y: 4.2632564e-13}
  - {x: -10, y: 4.2632564e-13}
  - {x: -8, y: 3}
  - {x: -10, y: 3}
  - {x: 0, y: 0}
  - {x: -0.25, y: 0}
  - {x: 0.000000029802322, y: 3}
  - {x: -0.25, y: 3}
  - {x: 10, y: 0}
  - {x: 8, y: 0}
  - {x: 10, y: 3}
  - {x: 8, y: 3}
  - {x: 0.24999906, y: 0}
  - {x: -0.0000009536743, y: 0}
  - {x: 0.24999882, y: 3}
  - {x: -0.0000012218952, y: 3}
  - {x: 8, y: 0.0000012218952}
  - {x: 10, y: 0.000000029802322}
  - {x: 8, y: -0.24999882}
  - {x: 10, y: -0.25}
  - {x: -8, y: -0.24999906}
  - {x: -10, y: -0.25}
  - {x: -8, y: 0.0000009536743}
  - {x: -10, y: 0}
  m_Textures2: []
  m_Textures3: []
  m_Tangents:
  - {x: -1, y: 0, z: 0.00000047683716, w: -1}
  - {x: -1, y: 0, z: 0.0000005364418, w: -1}
  - {x: -1, y: 0, z: 0.0000005364418, w: -1}
  - {x: -1, y: 0, z: 0.00000059604645, w: -1}
  - {x: 0, y: 0, z: 1, w: -1}
  - {x: 0, y: 0, z: 1, w: -1}
  - {x: 0, y: 0, z: 1, w: -1}
  - {x: 0, y: 0, z: 1, w: -1}
  - {x: 1, y: 0, z: -0.00000046938658, w: -1}
  - {x: 1, y: 0, z: -0.0000005289912, w: -1}
  - {x: 1, y: 0, z: -0.0000005289912, w: -1}
  - {x: 1, y: 0, z: -0.00000058859587, w: -1}
  - {x: 0, y: 0, z: -1, w: -1}
  - {x: 0, y: 0, z: -1, w: -1}
  - {x: 0, y: 0, z: -1, w: -1}
  - {x: 0, y: 0, z: -1, w: -1}
  - {x: 1, y: 0, z: 0, w: -1}
  - {x: 1, y: 0, z: 0, w: -1}
  - {x: 1, y: 0, z: 0, w: -1}
  - {x: 1, y: 0, z: 0, w: -1}
  - {x: -1, y: 0, z: 0, w: -1}
  - {x: -1, y: 0, z: 0, w: -1}
  - {x: -1, y: 0, z: 0, w: -1}
  - {x: -1, y: 0, z: 0, w: -1}
  m_Colors: []
  m_UnwrapParameters:
    m_HardAngle: 88
    m_PackMargin: 20
    m_AngleError: 8
    m_AreaError: 15
  m_PreserveMeshAssetOnDestroy: 0
  assetGuid: 
  m_IsSelectable: 1
  m_SelectedFaces: 03000000
  m_SelectedEdges:
  - a: 12
    b: 13
  - a: 14
    b: 12
  - a: 13
    b: 15
  - a: 15
    b: 14
  m_SelectedVertices: 0c0000000d0000000e0000000f000000
--- !u!64 &6368228529317757520
MeshCollider:
  m_ObjectHideFlags: 0
  m_CorrespondingSourceObject: {fileID: 0}
  m_PrefabInstance: {fileID: 0}
  m_PrefabAsset: {fileID: 0}
  m_GameObject: {fileID: 6368228529317757526}
  m_Material: {fileID: 0}
  m_IsTrigger: 0
  m_Enabled: 1
  serializedVersion: 3
  m_Convex: 0
  m_CookingOptions: 14
  m_Mesh: {fileID: 0}
--- !u!208 &6368228529317757521
NavMeshObstacle:
  m_ObjectHideFlags: 0
  m_CorrespondingSourceObject: {fileID: 0}
  m_PrefabInstance: {fileID: 0}
  m_PrefabAsset: {fileID: 0}
  m_GameObject: {fileID: 6368228529317757526}
  m_Enabled: 1
  serializedVersion: 3
  m_Shape: 1
  m_Extents: {x: 1, y: 1.5000001, z: 0.125}
  m_MoveThreshold: 0.1
  m_Carve: 0
  m_CarveOnlyStationary: 1
  m_Center: {x: 9, y: 1.5000001, z: -0.125}
  m_TimeToStationary: 0.5
--- !u!1001 &4121853320059364963
PrefabInstance:
  m_ObjectHideFlags: 0
  serializedVersion: 2
  m_Modification:
    m_TransformParent: {fileID: 270901032273814543}
    m_Modifications:
    - target: {fileID: 1029849931350994725, guid: cbe539261fb5e2e4f909bfa9c7fc5049,
        type: 3}
      propertyPath: m_Name
      value: Minimap Icon
      objectReference: {fileID: 0}
    - target: {fileID: 1029849931350994724, guid: cbe539261fb5e2e4f909bfa9c7fc5049,
        type: 3}
      propertyPath: m_LocalPosition.x
      value: 0
      objectReference: {fileID: 0}
    - target: {fileID: 1029849931350994724, guid: cbe539261fb5e2e4f909bfa9c7fc5049,
        type: 3}
      propertyPath: m_LocalPosition.y
      value: -1
      objectReference: {fileID: 0}
    - target: {fileID: 1029849931350994724, guid: cbe539261fb5e2e4f909bfa9c7fc5049,
        type: 3}
      propertyPath: m_LocalPosition.z
      value: 0
      objectReference: {fileID: 0}
    - target: {fileID: 1029849931350994724, guid: cbe539261fb5e2e4f909bfa9c7fc5049,
        type: 3}
      propertyPath: m_LocalRotation.x
      value: 0.7071068
      objectReference: {fileID: 0}
    - target: {fileID: 1029849931350994724, guid: cbe539261fb5e2e4f909bfa9c7fc5049,
        type: 3}
      propertyPath: m_LocalRotation.y
      value: 0
      objectReference: {fileID: 0}
    - target: {fileID: 1029849931350994724, guid: cbe539261fb5e2e4f909bfa9c7fc5049,
        type: 3}
      propertyPath: m_LocalRotation.z
      value: 0
      objectReference: {fileID: 0}
    - target: {fileID: 1029849931350994724, guid: cbe539261fb5e2e4f909bfa9c7fc5049,
        type: 3}
      propertyPath: m_LocalRotation.w
      value: 0.7071068
      objectReference: {fileID: 0}
    - target: {fileID: 1029849931350994724, guid: cbe539261fb5e2e4f909bfa9c7fc5049,
        type: 3}
      propertyPath: m_RootOrder
      value: 0
      objectReference: {fileID: 0}
    - target: {fileID: 1029849931350994724, guid: cbe539261fb5e2e4f909bfa9c7fc5049,
        type: 3}
      propertyPath: m_LocalEulerAnglesHint.x
      value: 90
      objectReference: {fileID: 0}
    - target: {fileID: 1029849931350994724, guid: cbe539261fb5e2e4f909bfa9c7fc5049,
        type: 3}
      propertyPath: m_LocalEulerAnglesHint.y
      value: 0
      objectReference: {fileID: 0}
    - target: {fileID: 1029849931350994724, guid: cbe539261fb5e2e4f909bfa9c7fc5049,
        type: 3}
      propertyPath: m_LocalEulerAnglesHint.z
      value: 0
      objectReference: {fileID: 0}
    m_RemovedComponents: []
  m_SourcePrefab: {fileID: 100100000, guid: cbe539261fb5e2e4f909bfa9c7fc5049, type: 3}
--- !u!4 &3997227037290252615 stripped
Transform:
  m_CorrespondingSourceObject: {fileID: 1029849931350994724, guid: cbe539261fb5e2e4f909bfa9c7fc5049,
    type: 3}
  m_PrefabInstance: {fileID: 4121853320059364963}
  m_PrefabAsset: {fileID: 0}
--- !u!1001 &7454129163208324163
PrefabInstance:
  m_ObjectHideFlags: 0
  serializedVersion: 2
  m_Modification:
    m_TransformParent: {fileID: 270901032273814543}
    m_Modifications:
    - target: {fileID: 6899024123734663453, guid: 874438dca627dec47806e845f85f2844,
        type: 3}
      propertyPath: m_LocalPosition.x
      value: -5
      objectReference: {fileID: 0}
    - target: {fileID: 6899024123734663453, guid: 874438dca627dec47806e845f85f2844,
        type: 3}
      propertyPath: m_LocalPosition.y
      value: 0
      objectReference: {fileID: 0}
    - target: {fileID: 6899024123734663453, guid: 874438dca627dec47806e845f85f2844,
        type: 3}
      propertyPath: m_LocalPosition.z
      value: 5
      objectReference: {fileID: 0}
    - target: {fileID: 6899024123734663453, guid: 874438dca627dec47806e845f85f2844,
        type: 3}
      propertyPath: m_LocalRotation.x
      value: 0
      objectReference: {fileID: 0}
    - target: {fileID: 6899024123734663453, guid: 874438dca627dec47806e845f85f2844,
        type: 3}
      propertyPath: m_LocalRotation.y
      value: 0
      objectReference: {fileID: 0}
    - target: {fileID: 6899024123734663453, guid: 874438dca627dec47806e845f85f2844,
        type: 3}
      propertyPath: m_LocalRotation.z
      value: 0
      objectReference: {fileID: 0}
    - target: {fileID: 6899024123734663453, guid: 874438dca627dec47806e845f85f2844,
        type: 3}
      propertyPath: m_LocalRotation.w
      value: 1
      objectReference: {fileID: 0}
    - target: {fileID: 6899024123734663453, guid: 874438dca627dec47806e845f85f2844,
        type: 3}
      propertyPath: m_RootOrder
      value: 1
      objectReference: {fileID: 0}
    - target: {fileID: 6899024123734663453, guid: 874438dca627dec47806e845f85f2844,
        type: 3}
      propertyPath: m_LocalEulerAnglesHint.x
      value: 0
      objectReference: {fileID: 0}
    - target: {fileID: 6899024123734663453, guid: 874438dca627dec47806e845f85f2844,
        type: 3}
      propertyPath: m_LocalEulerAnglesHint.y
      value: 0
      objectReference: {fileID: 0}
    - target: {fileID: 6899024123734663453, guid: 874438dca627dec47806e845f85f2844,
        type: 3}
      propertyPath: m_LocalEulerAnglesHint.z
      value: 0
      objectReference: {fileID: 0}
    - target: {fileID: 6899024123734663450, guid: 874438dca627dec47806e845f85f2844,
        type: 3}
      propertyPath: m_Name
      value: FloorHoleLarge
      objectReference: {fileID: 0}
    - target: {fileID: 6899024123734663449, guid: 874438dca627dec47806e845f85f2844,
        type: 3}
      propertyPath: m_Mesh
      value: 
      objectReference: {fileID: 0}
    - target: {fileID: 6899024123734663455, guid: 874438dca627dec47806e845f85f2844,
        type: 3}
      propertyPath: m_Materials.Array.data[0]
      value: 
      objectReference: {fileID: 2100000, guid: 0bf93fe055180334d98f6be6a553a278, type: 2}
    - target: {fileID: 6899024123734663454, guid: 874438dca627dec47806e845f85f2844,
        type: 3}
      propertyPath: m_Mesh
      value: 
      objectReference: {fileID: 0}
    m_RemovedComponents: []
  m_SourcePrefab: {fileID: 100100000, guid: 874438dca627dec47806e845f85f2844, type: 3}
--- !u!4 &4092684754387162462 stripped
Transform:
  m_CorrespondingSourceObject: {fileID: 6899024123734663453, guid: 874438dca627dec47806e845f85f2844,
    type: 3}
  m_PrefabInstance: {fileID: 7454129163208324163}
  m_PrefabAsset: {fileID: 0}
